3112 4696
670 486 878 558 blouumenta

754 883 795 950 X.

619 1075 705 1146 1373,
727 1070 774 1130 die
797 1074 834 1130 14
856 1071 931 1147 maji.

116 1245 297 1334 Gregorius
323 1245 368 1315 Xl
399 1269 479 1339 papa
504 1256 538 1314 ut
563 1247 674 1314 clerici
706 1249 940 1337 possessiones
967 1255 998 1312 et
1019 1247 1093 1331 jura
1120 1265 1264 1313 mensam
1293 1245 1431 1333 episco-

115 1340 222 1430 palem
249 1341 512 1432 herbipolensem
538 1346 741 1432 spectantia,
778 1363 860 1431 quae
897 1340 988 1408 titulo
1023 1342 1175 1407 emtionis
1203 1339 1258 1407 vel
1284 1341 1431 1428 pignoris

480 1440 708 1526 acquisierant,
732 1439 903 1510 restituant
927 1432 1064 1503 mandat.

214 1627 450 1713 Gregorius
476 1629 651 1716 episcopus
677 1646 794 1694 seruus
820 1645 991 1694 seruorum
1016 1623 1067 1692 dei
1094 1620 1213 1692 dilecto
1230 1622 1298 1691 lilio
1317 1673 1326 1689 .
1343 1675 1350 1685 .
1369 1621 1433 1690 ab·

117 1720 182 1788 bati
209 1723 396 1808 monasterij
423 1719 650 1788 Scotorum
678 1730 771 1788 extra
797 1742 907 1789 muros
933 1717 1268 1810 herbipolensas
1295 1717 1432 1786 salutem

117 1826 150 1883 et
174 1815 387 1905 apostolicam
412 1811 682 1884 benedictionem.

214 1950 264 2017 Ex
286 1948 394 2016 debito
420 1954 564 2041 suscepti
596 1961 743 2018 tenemur
780 1951 878 2040 olboij
917 1951 1071 2038 eeclesijs
1104 1948 1252 2018 omnibus
1284 1948 1432 2036 uigilanti

120 2065 196 2111 cura
214 2042 386 2134 prolicere,
405 2065 447 2111 ne
471 2044 556 2113 bona
581 2049 720 2136 ipsarum
746 2067 809 2136 que
837 2049 968 2137 proprie
993 2045 1091 2113 diuini
1116 2047 1195 2111 iuris
1221 2053 1253 2110 et
1277 2047 1433 2133 proprie-

116 2142 190 2207 tatis
217 2141 360 2206 existunt
384 2138 506 2208 illicitis
532 2152 772 2211 contrectentur
797 2141 963 2227 abusibus,
987 2139 1040 2208 uel
1065 2137 1233 2230 prohibitis
1254 2137 1433 2207 alienatio-

116 2255 189 2302 num
216 2237 421 2322 eommercijs
447 2246 650 2327 usurpentur.

210 2367 297 2436 Sane
337 2391 439 2458 nuper
476 2371 515 2438 ad
552 2381 697 2440 nostrum
735 2377 884 2463 peruenit
918 2371 1074 2454 auditum,
1111 2368 1196 2460 quod
1227 2368 1434 2459 quamplures

116 2463 228 2530 clerici
245 2465 383 2532 ciuitatis
410 2475 443 2532 et
467 2465 609 2534 diocesis
636 2467 1008 2559 herbipolensium
1035 2465 1190 2533 nonnulla
1206 2473 1313 2531 castra
1329 2467 1433 2532 iuris-

116 2557 275 2627 dictiones
292 2561 361 2626 iura
379 2570 411 2627 et
426 2560 487 2626 alia
505 2560 587 2629 bona
605 2558 643 2629 ed
660 2585 804 2631 mensam
827 2562 1045 2654 episcopalem
1073 2558 1435 2650 herbipolensem

117 2662 149 2720 et
175 2656 363 2743 episcopum
390 2653 742 2745 herbipolensem
769 2679 826 2746 pro
853 2668 1000 2747 tempore
1021 2657 1215 2723 existentem
1233 2656 1435 2744 pertinencia

115 2768 173 2837 per
198 2749 373 2816 nonnullos
400 2753 576 2839 episcopos
603 2752 937 2843 herbipolensas
970 2754 1022 2841 qui
1048 2771 1107 2842 pro
1133 2759 1280 2838 tempore
1305 2747 1435 2818 luerunt

115 2845 210 2908 etiam
228 2853 303 2932 post
328 2847 504 2912 iuramenta
520 2868 579 2934 per
604 2851 693 2938 ipsos
711 2847 750 2914 de
766 2869 829 2916 non
856 2845 1034 2914 alienandis
1049 2841 1315 2936 possessionibus
1337 2842 1434 2912 bonis

115 2946 148 3003 et
172 2936 295 3004 iuribus
321 2938 360 3005 ad
386 2939 502 3005 dietam
529 2961 672 3010 mensam
699 2940 941 3033 spectantibus,
974 2960 1108 3009 romano
1135 2937 1286 3030 pontilioe
1312 2941 1434 3007 incon-

116 3030 227 3115 sulto,
262 3037 396 3121 prestita
426 3055 539 3101 eorum
565 3037 724 3127 aliquibus
750 3048 864 3104 eontra
889 3040 1064 3106 canonicas
1090 3037 1299 3116 sanctiones,
1336 3036 1433 3101 etiarn

114 3145 250 3192 romano
278 3127 427 3215 pontifice
453 3132 651 3215 inconsulto,
681 3131 720 3197 de
744 3131 831 3200 lacto
858 3131 985 3200 uendite
1012 3142 1045 3199 et
1069 3127 1256 3220 quibusdam
1283 3148 1328 3196 ex
1352 3130 1433 3217 ipsis

114 3219 206 3287 titulo
245 3224 391 3310 pignoris
429 3223 596 3313 obligata,
635 3229 687 3316 qui
724 3226 847 3295 fruetus
884 3227 1003 3296 exinde
1036 3234 1209 3316 perceptos
1243 3227 1274 3291 in
1308 3232 1433 3290 sortem

114 3324 302 3405 computare
328 3328 483 3385 recusant
507 3315 653 3388 detinere
679 3331 865 3410 presumunt
891 3325 922 3389 in
948 3325 1124 3389 animarum
1150 3339 1279 3386 suarum
1296 3321 1433 3408 pericu-

115 3408 193 3493 lum,
234 3411 436 3480 ecclesiast
471 3417 677 3506 episcopatus
710 3415 1080 3507 herbipolensium
1117 3414 1326 3506 preludioium
1364 3433 1430 3480 non

115 3503 274 3572 modicum
301 3516 334 3574 et
358 3527 545 3595 grauaman.

209 3626 289 3708 Quia
316 3649 396 3696 uero
421 3640 533 3698 nostra
559 3635 696 3701 interest
720 3653 818 3721 super
837 3632 901 3700 hoe
925 3629 965 3700 de
992 3642 1152 3722 oportuno
1179 3629 1324 3698 remedio
1348 3651 1432 3720 pro-

114 3716 239 3804 uidere,
265 3721 453 3792 discretioni
479 3734 533 3793 tue
558 3749 616 3817 per
641 3727 822 3817 apostolico
849 3731 968 3818 scripta
989 3723 1195 3809 mandemus,
1221 3729 1369 3815 quatinus
1386 3764 1431 3775 -

115 3818 242 3883 uocatis
268 3820 320 3905 qui
346 3817 465 3887 suerint
490 3818 648 3890 euocandi
680 3863 727 3871 —
764 3843 878 3891 ornnes
916 3833 947 3890 et
982 3821 1127 3908 singulas
1163 3821 1366 3888 uenditioues
1400 3829 1433 3887 et

116 3908 335 4001 obligationes
374 3912 414 3981 de
450 3913 632 3984 huiusmodi
667 3920 783 3984 eastris
816 3918 1088 3987 iurisdictionibus
1122 3926 1154 3984 et
1189 3915 1311 3985 iuribus
1346 3913 1431 3984 dicte
