3112 4696
116 525 160 592 14
667 522 873 590 Monumenta

114 713 198 780 lama
224 711 389 779 referente
415 721 448 777 et
473 710 618 778 clamore
643 713 826 779 insinuante
851 714 1022 802 peruenit,
1055 721 1088 777 et
1119 711 1273 799 frequens
1300 720 1332 777 et
1358 711 1432 779 cla-

116 829 206 874 mosa
243 809 425 874 insinuacio
452 827 533 896 sepe
571 815 604 872 et
639 809 813 897 sepissime
847 827 943 874 aures
976 802 1051 873 dicti
1078 806 1197 872 domini
1223 809 1326 873 nostri
1353 828 1434 896 pape

116 905 290 993 percussit,
313 896 398 990 quod
424 899 671 968 conniuentibus
698 901 803 968 oculis
830 901 1035 990 infrascripta
1062 903 1212 990 preteriri
1239 921 1305 968 non
1331 910 1433 990 pote-

115 1008 187 1065 runt
211 1017 317 1086 nequa
341 1005 488 1086 possunt,
513 991 598 1085 quod
624 1037 669 1045 -
695 995 772 1064 licet
798 1017 856 1064 sua
883 1000 1037 1064 sanctitas
1064 991 1279 1062 reuerendum
1306 1007 1431 1085 patrem

114 1088 278 1160 dominum
317 1087 594 1173 Gerhardum‚
632 1090 708 1158 clim
742 1093 928 1182 episcopum
963 1089 1374 1178 nuemburgensem,
1415 1113 1433 1158 a

114 1187 247 1256 vinculo
274 1208 337 1276 quc
363 1185 467 1253 eidem
495 1186 639 1253 ecclesie
665 1185 834 1253 tenebatur
859 1185 1057 1268 obsoluerit,
1091 1181 1132 1251 da
1158 1187 1323 1276 ipsiusque
1349 1207 1431 1275 per-

115 1303 197 1352 sona
222 1281 366 1350 ecclesie
392 1281 696 1370 herbipolensi
728 1291 802 1349 tunc
836 1284 962 1348 vacanti
989 1280 1184 1369 propulerit,
1216 1285 1305 1348 etin
1345 1278 1432 1347 dicto

115 1376 421 1466 herbipolensi
448 1375 592 1445 ecclesie
618 1379 805 1465 episcopum
832 1374 1009 1465 prefecerit
1040 1385 1073 1441 et
1106 1385 1290 1463 pastorem,
1323 1396 1432 1444 curam

115 1481 148 1538 et
173 1468 489 1539 administracicnem
514 1467 619 1537 eidem
655 1473 686 1537 in
725 1468 943 1559 spiritualibus
969 1480 1002 1537 et
1025 1469 1259 1559 temporalibus
1286 1471 1433 1561 plenarie

116 1565 371 1649 committendo,
408 1575 440 1632 et
474 1566 551 1633 licet
577 1565 680 1632 dictus
707 1563 949 1632 Gerlrardns
988 1585 1086 1654 super
1122 1563 1206 1632 diota
1242 1569 1433 1654 promisione

116 1661 291 1728 obtinuerit
317 1659 441 1727 litteras
468 1659 628 1726 informa
654 1670 835 1744 consueta,
872 1681 993 1748 easque
1017 1664 1048 1726 in
1076 1658 1200 1729 diocesi
1226 1659 1431 1751 herbipo-

117 1757 227 1824 lensi
255 1752 467 1844 publicanerit
492 1754 627 1823 vasallis
664 1766 697 1822 et
731 1751 866 1822 subditis
900 1754 1045 1824 ecclesie
1083 1753 1434 1846 herbipolensis,

115 1872 154 1919 ao
176 1850 273 1917 luerit
299 1859 333 1916 et
357 1854 399 1917 sit
424 1853 616 1917 auctoritate
640 1846 795 1917 dictarum
821 1851 998 1917 litterarum
1025 1850 1064 1916 ad
1090 1854 1337 1938 possessionem
1366 1852 1433 1918 ali-

116 1965 251 2035 quorum
278 1955 458 2012 castrorum
484 1941 569 2011 dicte
594 1945 738 2014 ecclesie
763 1945 924 2015 admissus
951 1986 995 1995 —
1022 1955 1128 2012 tamen
1154 1944 1362 2014 Albertus
1393 1942 1435 2013 de

115 2038 398 2127 Hessehurgb
425 2037 670 2108 archidiaconus
708 2044 739 2107 in
776 2042 919 2112 ecclesia
954 2038 1256 2131 herbipolensi
1290 2045 1432 2109 intrusus

115 2156 179 2203 vna
205 2155 275 2202 curn
302 2137 370 2203 auis
396 2133 606 2223 complicibus
622 2135 849 2225 infrascriptis,
863 2136 991 2205 scilicet
1011 2135 1174 2205 llarolo
1201 2135 1240 2202 de
1265 2136 1434 2204 llesse-

115 2229 247 2318 burgh
273 2227 397 2297 decano
424 2227 746 2318 herbipolensi,
772 2227 970 2297 Conrado
995 2225 1036 2296 de
1063 2229 1330 2319 lleringhan,
1356 2228 1434 2297 Ot-

116 2334 216 2392 tone
241 2319 282 2391 de
307 2322 495 2409 Heldrit,
520 2323 799 2412 Engelhardc
825 2321 1072 2415 deNydeclr,
1097 2325 1432 2393 lohanneHoll-

116 2429 240 2502 wart,
278 2417 497 2507 llartungo
532 2418 572 2486 de
597 2418 865 2507 Liebsberg,
902 2420 1085 2487 Henrico
1119 2417 1158 2487 de
1184 2417 1366 2510 Lapide,
1403 2431 1436 2487 et

116 2512 359 2583 Euerhardc
386 2514 425 2581 de
448 2512 714 2602 Hesseburg,
739 2513 1434 2605 canonicisecclesieherbipolensis,

115 2611 308 2678 debeone
334 2607 373 2676 de
399 2608 651 2693 Tauschlin,
675 2609 874 2677 lohanne
900 2608 1218 2694 Corinlremlin,
1243 2611 1433 2678 debanna

116 2704 323 2794 Segillir,
360 2701 627 2771 Theoderico
654 2699 694 2770 de
719 2702 1046 2792 Buschenberg,
1071 2708 1204 2773 vicariis
1232 2709 1262 2772 in
1289 2706 1433 2774 ecclesia

115 2799 440 2888 herbipolensi,
465 2794 693 2866 Fridericc
720 2796 1090 2889 delllinganburg,
1114 2800 1433 2869 lohannelllel-

114 2893 203 2980 ltin,
241 2892 436 2961 Conrado
471 2892 642 2977 Patres,
677 2896 842 2960 canonicis
879 2895 1023 2962 ecclesie
1056 2895 1432 2983 Nouimonastarij

117 2987 462 3078 herbipolensis,
500 3009 539 3054 ac
568 2984 766 3055 Donaldo
804 2986 918 3055 abbate
955 2993 1142 3077 monasterij
1181 2994 1283 3058 sancti
1320 2992 1434 3059 iacobi

118 3082 344 3152 Scotorum
370 3091 593 3150 extramuros
619 3081 969 3172 herbipolenses,
994 3089 1162 3174 preposito
1184 3086 1433 3176 inllepden-

116 3179 195 3247 ielt
221 3180 451 3246 canonicorum
478 3177 676 3265 regularium
710 3173 833 3244 ordinis
870 3182 973 3246 sancti
998 3179 1198 3268 Augrrstioj,
1235 3204 1273 3249 ac
1308 3181 1433 3248 decano

117 3273 461 3363 oneltspacansi,
488 3270 680 3340 Conrado
700 3271 896 3355 Gundolt,
922 3273 1433 3344 ctllermannollalcben-

115 3379 205 3451 rut,
248 3371 413 3437 canonicis
451 3367 595 3436 ecclesie
630 3368 1002 3458 oneltspacensis,
1048 3380 1080 3435 et
1116 3376 1216 3440 ceteri
1254 3371 1366 3440 clerici
1403 3383 1436 3440 et

117 3463 301 3556 presbyteri
339 3459 379 3529 de
415 3467 619 3553 prepositura
656 3473 688 3530 et
725 3462 985 3530 archidiaconatu
1020 3465 1434 3556 oneltspacensibus

117 3555 202 3626 dicte
228 3555 393 3642 diocesiS,
428 3557 521 3625 dictis
548 3560 727 3647 pronisioni
753 3568 786 3625 et
812 3555 1025 3647 publicacioni
1052 3559 1229 3628 litterarum
1256 3572 1288 3628 et
1311 3584 1433 3652 recep-

118 3656 204 3722 cioni
230 3656 455 3743 possessionis
482 3656 689 3744 episcopatus
726 3651 1059 3742 herbipolensis
1097 3664 1129 3721 ct
1164 3666 1345 3724 castrorum
1371 3679 1433 3725 ec-

119 3749 221 3818 clesie
246 3746 572 3838 herbipolensis
607 3769 643 3816 sa
671 3756 893 3837 opposuerunt
917 3757 950 3813 at
975 3759 1164 3838 opponunt,
1200 3747 1436 3841 impediuerant

120 3855 153 3912 et
188 3842 381 3935 impediunt,
419 3843 566 3911 lecerunt
590 3853 622 3910 et
648 3843 766 3911 iaciunt
797 3845 966 3931 qrrorninns
1004 3839 1107 3910 dictus
1145 3844 1434 3936 G[erbardus'l

121 3943 293 4034 episcopus
330 3937 661 4030 herbipolensis
710 3941 815 4030 possit
852 3946 883 4002 et
921 3938 1029 4004 valeat
1076 3943 1322 4026 possessionem
1359 3931 1434 4010 dicti
