3112 4696
112 595 160 665 20
658 591 867 662 llonumeuta

114 803 186 852 cnm
201 780 350 852 omuibus
368 783 451 852 actis
474 777 596 849 iuribus
617 781 844 868 justrnmentis
870 788 903 849 et
927 777 1001 867 slijs
1026 777 1244 847 monumentis
1258 785 1431 868 presentes

118 898 235 948 causas
260 874 467 966 tangentibus
492 896 552 945 seu
577 873 851 946 concernentibus
876 876 1050 964 negocium
1076 879 1289 942 memoratum
1312 869 1432 962 quoad

113 973 362 1044 restitucioncrn
389 979 569 1039 castrorum
602 965 778 1055 dumtaxat,
814 969 853 1038 ad
888 989 1003 1039 omnes
1036 977 1070 1036 et
1094 965 1245 1057 singulos
1277 974 1369 1037 ectus
1402 975 1434 1036 et

114 1069 273 1137 terminos
299 1067 491 1138 successine
515 1085 621 1156 usque
646 1064 685 1133 ad
710 1061 911 1136 decisionem
936 1059 1012 1135 dieti
1036 1065 1169 1152 nogocij
1193 1063 1384 1152 processuri
1402 1070 1435 1130 et

114 1160 231 1231 lecturi
255 1170 352 1253 prout
376 1162 502 1229 iusticia
529 1155 686 1229 suadebit.
736 1159 936 1231 Prodicimus
960 1168 1068 1227 tamen
1094 1161 1156 1243 eis,
1181 1150 1268 1247 quod
1290 1194 1340 1206 -
1364 1158 1434 1226 siue

116 1259 290 1341 uenerint,
328 1258 399 1325 siue
430 1275 496 1324 non
529 1258 681 1323 venerint
710 1276 843 1325 —nos
869 1257 901 1322 in
926 1249 1014 1322 dicto
1039 1254 1182 1342 negocio
1207 1248 1436 1341 procedemus,

116 1371 231 1420 eorum
254 1349 407 1420 absencia
421 1369 480 1418 seu
504 1351 705 1418 contumacia
722 1370 789 1417 non
805 1347 1018 1420 obstantibus.
1053 1346 1141 1417 Loca
1166 1365 1249 1416 vero
1265 1340 1436 1414 audiencia

121 1453 285 1536 portarum
321 1442 436 1535 palacij
474 1452 508 1509 et
539 1442 803 1532 superluminaria
838 1443 1052 1512 ecclesiarum
1083 1441 1380 1511 auinionensis
1405 1447 1437 1508 et

118 1538 267 1608 locorum
303 1537 521 1628 predictorum
562 1545 719 1626 tamquam
758 1536 884 1630 publica
922 1547 954 1606 et
990 1533 1120 1630 ydonee
1159 1556 1218 1627 pro
1254 1531 1438 1604 huiusmodi

121 1632 359 1704 municionibus
373 1629 637 1702 restitucionibus
649 1631 806 1702 mandetis
820 1643 853 1701 et
865 1632 1075 1702 citaoionibus
1089 1625 1291 1723 publicandis
1303 1639 1336 1698 et
1347 1650 1436 1698 exe-

120 1723 257 1816 quendis
282 1722 432 1795 duximus
457 1725 620 1814 eligenda,
644 1747 707 1816 que
732 1727 771 1795 ad
796 1731 898 1797 instar
922 1723 1100 1796 edictorum
1125 1747 1188 1817 que
1204 1725 1282 1796 olim
1301 1723 1433 1793 scribe-

118 1819 234 1889 bantur
263 1824 296 1889 in
318 1819 392 1889 albo
418 1823 559 1910 pretoris
585 1822 787 1891 municiones
812 1824 1052 1912 requisiciones
1076 1817 1223 1890 mandata
1248 1821 1435 1889 sentencias

120 1923 153 1983 et
172 1917 350 1984 citaciones
368 1924 401 1983 et
417 1915 480 1982 alia
500 1913 643 2003 predicta
665 1935 722 1983 sua
739 1921 830 2005 quasi
851 1937 937 1987 voce
950 1919 1105 2008 preconia
1122 1925 1156 1984 et
1179 1914 1289 2006 patulo
1315 1913 1434 1982 iudicio

121 2007 341 2100 publicabunt,
365 2004 450 2098 quod
476 2008 550 2075 dicti
566 2007 790 2095 Albertus,
814 2011 1011 2096 liarolus‚
1027 2022 1060 2079 et
1074 2011 1127 2100 allj
1145 2011 1294 2079 canonici
1313 2029 1434 2100 supra-

119 2105 273 2172 nominati
297 2101 419 2171 nullom
444 2112 595 2193 poterunt
619 2106 818 2191 ignoraciarn
852 2105 1064 2195 pretendere,
1097 2115 1153 2174 aut
1188 2105 1295 2195 aliqua
1326 2105 1436 2193 tergi-

120 2200 317 2268 uersacione
342 2197 467 2280 celari,
504 2218 575 2266 cum
614 2218 678 2265 non
714 2201 756 2266 sit
788 2199 969 2270 verisimile
994 2199 1080 2290 quod
1104 2198 1186 2292 apud
1211 2220 1273 2270 eos
1297 2196 1437 2267 debeant

121 2293 287 2381 incognita
312 2311 504 2381 permanere
529 2311 590 2381 que
615 2294 658 2360 ite
682 2302 830 2383 patenter
855 2294 1002 2365 omnibus
1029 2303 1062 2363 et
1086 2296 1119 2363 in
1144 2294 1227 2366 locis
1258 2303 1323 2363 tam
1350 2290 1436 2384 pub-

123 2385 196 2456 licis
222 2395 256 2455 et
279 2387 398 2454 vicinis
424 2383 635 2476 publicantur.

216 2518 375 2589 Volumus
392 2523 509 2605 eciam,
533 2530 567 2589 et
580 2517 692 2590 eadem
705 2523 897 2589 anctoritate
910 2518 1127 2609 decernimus,
1147 2519 1233 2614 quod
1244 2521 1337 2590 buius
1351 2517 1437 2590 modi

119 2623 237 2685 nostre
261 2616 465 2684 municiones
490 2617 727 2705 requisiciones
760 2616 906 2685 mandata
942 2627 976 2686 et
1010 2620 1188 2688 citaoiones
1227 2626 1260 2685 et
1291 2611 1436 2708 predicta

123 2712 231 2779 omnia
256 2711 288 2777 in
314 2709 407 2778 dictis
433 2708 516 2777 locis
542 2713 590 2777 sic
610 2708 771 2800 publicata
785 2720 817 2778 et
833 2709 929 2780 affixa
946 2711 1049 2783 dictos
1064 2713 1285 2783 Albertnm
1308 2721 1342 2781 et
1359 2711 1440 2781 Ka-

125 2804 256 2875 rolum
290 2798 445 2872 decanum
484 2813 516 2871 et
553 2804 636 2874 alios
670 2807 819 2895 superius
844 2810 1027 2876 nominatos
1053 2805 1295 2899 apprehendant
1319 2815 1442 2896 cogant

126 2908 160 2969 et
193 2907 300 2968 artent
324 2919 363 2967 ae
388 2900 416 2967 si
440 2900 473 2966 in
498 2919 610 2968 eorum
636 2901 819 2990 presanoijs
851 2900 990 2972 luissent
1025 2901 1186 2994 publicata
1215 2901 1300 2972 lecta
1326 2912 1359 2970 et
1382 2904 1441 2970 in-

123 2997 260 3066 sinuata.

220 3103 260 3172 dn
283 3122 418 3193 quorum
445 3103 585 3170 omnium
604 3104 822 3171 testimonium
838 3115 1010 3194 presentes
1036 3106 1161 3174 litteras
1187 3128 1245 3175 seu
1270 3107 1334 3178 boo
1358 3127 1441 3198 pre-

127 3220 205 3271 sens
242 3196 401 3289 publicum
435 3199 681 3265 instrumentum
718 3196 898 3266 huiusmodi
933 3209 1064 3268 nostras
1100 3204 1302 3273 municiones
1337 3203 1371 3268 in
1404 3223 1442 3271 se

129 3296 333 3364 continentes
356 3312 415 3361 seu
440 3293 611 3360 continens
628 3290 950 3381 perllnthoninm
968 3297 1127 3362 notarium
1153 3296 1313 3387 publicum
1335 3296 1442 3364 inira-

128 3391 283 3480 scripturo
308 3384 469 3457 subscribi
494 3396 527 3454 et
552 3385 707 3477 publicari
732 3382 965 3475 mandauimus,
989 3399 1239 3483 nostrorumque
1260 3390 1443 3480 sigillorum

128 3485 327 3577 appensione
352 3480 570 3550 mandauimus
596 3483 796 3551 communiri.

225 3620 339 3689 Datum
366 3627 399 3688 et
424 3625 527 3687 actum
544 3618 778 3701 baiulans,
802 3618 835 3686 in
859 3616 936 3686 loco
962 3619 1182 3689 consistoriali
1196 3623 1229 3689 ln
1245 3639 1308 3711 quo
1325 3623 1442 3689 cousi-

131 3720 265 3788 storium
291 3712 361 3782 beri
386 3715 579 3799 consueuit,
601 3711 661 3783 snb
687 3734 771 3780 anno
797 3734 816 3780 a
840 3714 1007 3780 natiuitste
1032 3712 1151 3782 domini
1176 3714 1351 3784 millesimo
1368 3725 1442 3785 tre-

132 3814 313 3885 centesimo
345 3810 588 3901 septuagesimo
614 3815 734 3892 tertio,
769 3803 944 3875 indictione
969 3805 1158 3894 undecima,
1184 3813 1305 3880 mensis
1331 3811 1444 3901 aprilis

132 3906 185 3978 die
210 3916 317 3996 sexto,
341 3903 544 3998 pontificatus
570 3905 764 3991 sanctissimi
790 3905 822 3970 in
848 3900 976 3968 Christo
1008 3904 1108 3991 patris
1134 3912 1167 3969 et
1192 3901 1312 3974 domini
1337 3909 1443 3976 nostri

133 4000 254 4074 domini
277 4002 481 4092 Gregorij
519 3995 625 4069 diuina
663 3993 871 4091 prouidencia
903 4016 985 4086 pape
1017 3994 1180 4063 undecimi
1206 4016 1290 4068 anno
1315 4004 1443 4087 tercio;
