<?xml version="1.0" encoding="UTF-8"?>
<!DOCTYPE html PUBLIC "-//W3C//DTD XHTML 1.0 Transitional//EN"
    "http://www.w3.org/TR/xhtml1/DTD/xhtml1-transitional.dtd">
<html xmlns="http://www.w3.org/1999/xhtml" xml:lang="en" lang="en">
 <head>
  <title>
</title>
<meta http-equiv="Content-Type" content="text/html;charset=utf-8" />
  <meta name='ocr-system' content='tesseract 3.04.00' />
  <meta name='ocr-capabilities' content='ocr_page ocr_carea ocr_par ocr_line ocrx_word'/>
</head>
<body>
  <div class='ocr_page' id='page_1' title='image "./monumentaboicae27wissgoog_0341.png"; bbox 0 0 3112 4696; ppageno 0'>
   <div class='ocr_carea' id='block_1_1' title="bbox 164 477 920 551">
    <p class='ocr_par' dir='ltr' id='par_1_1' title="bbox 164 477 920 551">
     <span class='ocr_line' id='line_1_1' title="bbox 164 477 920 551; baseline -0.007 0"><span class='ocrx_word' id='word_1_1' title='bbox 164 481 234 551; x_wconf 79' lang='lat'><strong>³26</strong></span> <span class='ocrx_word' id='word_1_2' title='bbox 714 477 920 547; x_wconf 82' lang='lat' dir='ltr'><strong>blouurnenta</strong></span> 
     </span>
    </p>
   </div>
   <div class='ocr_carea' id='block_1_2' title="bbox 163 669 1490 3510">
    <p class='ocr_par' dir='ltr' id='par_1_2' title="bbox 163 669 1487 856">
     <span class='ocr_line' id='line_1_2' title="bbox 163 669 1487 763; baseline 0.001 -24"><span class='ocrx_word' id='word_1_3' title='bbox 163 669 244 763; x_wconf 83' lang='lat' dir='ltr'><strong>ipsis</strong></span> <span class='ocrx_word' id='word_1_4' title='bbox 270 669 377 760; x_wconf 87' lang='lat' dir='ltr'><strong>placet</strong></span> <span class='ocrx_word' id='word_1_5' title='bbox 402 672 523 736; x_wconf 82' lang='lat' dir='ltr'><strong>intrare</strong></span> <span class='ocrx_word' id='word_1_6' title='bbox 548 670 641 735; x_wconf 81' lang='lat' dir='ltr'><strong>exire</strong></span> <span class='ocrx_word' id='word_1_7' title='bbox 666 669 841 752; x_wconf 72' lang='lat' dir='ltr'><strong>ciuitatem,</strong></span> <span class='ocrx_word' id='word_1_8' title='bbox 869 680 902 737; x_wconf 90' lang='lat' dir='ltr'><strong>et</strong></span> <span class='ocrx_word' id='word_1_9' title='bbox 927 671 1056 758; x_wconf 77' lang='lat' dir='ltr'><strong>singula</strong></span> <span class='ocrx_word' id='word_1_10' title='bbox 1082 673 1113 739; x_wconf 93' lang='lat' dir='ltr'><strong>iu</strong></span> <span class='ocrx_word' id='word_1_11' title='bbox 1139 670 1222 741; x_wconf 90' lang='lat' dir='ltr'><strong>dicta</strong></span> <span class='ocrx_word' id='word_1_12' title='bbox 1249 674 1384 739; x_wconf 87' lang='lat' dir='ltr'><strong>ciuitate</strong></span> <span class='ocrx_word' id='word_1_13' title='bbox 1415 671 1487 740; x_wconf 90' lang='lat' dir='ltr'><strong>dis-</strong></span> 
     </span>
     <span class='ocr_line' id='line_1_3' title="bbox 164 763 706 856; baseline -0.009 -23"><span class='ocrx_word' id='word_1_14' title='bbox 164 786 289 856; x_wconf 80' lang='lat' dir='ltr'><strong>ponere</strong></span> <span class='ocrx_word' id='word_1_15' title='bbox 315 786 373 854; x_wconf 93' lang='lat' dir='ltr'><strong>pro</strong></span> <span class='ocrx_word' id='word_1_16' title='bbox 399 764 489 832; x_wconf 91' lang='lat' dir='ltr'><strong>libito</strong></span> <span class='ocrx_word' id='word_1_17' title='bbox 514 763 706 831; x_wconf 77' lang='lat' dir='ltr'><strong>voluntatis.</strong></span> 
     </span>
    </p>

    <p class='ocr_par' dir='ltr' id='par_1_3' title="bbox 164 857 1488 1972">
     <span class='ocr_line' id='line_1_4' title="bbox 261 857 1482 950; baseline 0.002 -23"><span class='ocrx_word' id='word_1_18' title='bbox 261 861 366 949; x_wconf 89' lang='lat' dir='ltr'><strong>Super</strong></span> <span class='ocrx_word' id='word_1_19' title='bbox 401 869 498 927; x_wconf 85' lang='lat' dir='ltr'><strong>sexto</strong></span> <span class='ocrx_word' id='word_1_20' title='bbox 536 867 569 924; x_wconf 90' lang='lat' dir='ltr'><strong>et</strong></span> <span class='ocrx_word' id='word_1_21' title='bbox 605 860 745 946; x_wconf 87' lang='lat' dir='ltr'><strong>septimo</strong></span> <span class='ocrx_word' id='word_1_22' title='bbox 787 860 931 927; x_wconf 76' lang='lat' dir='ltr'><strong>articulis</strong></span> <span class='ocrx_word' id='word_1_23' title='bbox 975 863 1196 948; x_wconf 78' lang='lat' dir='ltr'><strong>iuterrogatus</strong></span> <span class='ocrx_word' id='word_1_24' title='bbox 1236 872 1269 928; x_wconf 89' lang='lat' dir='ltr'><strong>et</strong></span> <span class='ocrx_word' id='word_1_25' title='bbox 1305 857 1482 950; x_wconf 71' lang='lat' dir='ltr'><strong>diligenter</strong></span> 
     </span>
     <span class='ocr_line' id='line_1_5' title="bbox 165 949 1485 1043; baseline 0.001 -20"><span class='ocrx_word' id='word_1_26' title='bbox 165 959 369 1023; x_wconf 85' lang='lat' dir='ltr'><strong>examinatos</strong></span> <span class='ocrx_word' id='word_1_27' title='bbox 402 949 570 1043; x_wconf 75' lang='lat' dir='ltr'><strong>respondit</strong></span> <span class='ocrx_word' id='word_1_28' title='bbox 601 951 685 1018; x_wconf 88' lang='lat' dir='ltr'><strong>idem</strong></span> <span class='ocrx_word' id='word_1_29' title='bbox 721 957 840 1037; x_wconf 75' lang='lat' dir='ltr'><strong>testis,</strong></span> <span class='ocrx_word' id='word_1_30' title='bbox 875 976 913 1023; x_wconf 90' lang='lat' dir='ltr'><strong>se</strong></span> <span class='ocrx_word' id='word_1_31' title='bbox 948 955 1044 1022; x_wconf 82' lang='lat' dir='ltr'><strong>nichil</strong></span> <span class='ocrx_word' id='word_1_32' title='bbox 1072 952 1112 1022; x_wconf 90' lang='lat' dir='ltr'><strong>de</strong></span> <span class='ocrx_word' id='word_1_33' title='bbox 1139 959 1303 1025; x_wconf 89' lang='lat' dir='ltr'><strong>contentis</strong></span> <span class='ocrx_word' id='word_1_34' title='bbox 1330 957 1485 1025; x_wconf 88' lang='lat' dir='ltr'><strong>indictis</strong></span> 
     </span>
     <span class='ocr_line' id='line_1_6' title="bbox 165 1042 1484 1131; baseline 0.002 -14"><span class='ocrx_word' id='word_1_35' title='bbox 165 1051 309 1117; x_wconf 82' lang='lat' dir='ltr'><strong>articulis</strong></span> <span class='ocrx_word' id='word_1_36' title='bbox 335 1051 434 1119; x_wconf 90' lang='lat' dir='ltr'><strong>scire.</strong></span> <span class='ocrx_word' id='word_1_37' title='bbox 485 1043 552 1116; x_wconf 86' lang='lat' dir='ltr'><strong>Sed</strong></span> <span class='ocrx_word' id='word_1_38' title='bbox 577 1042 680 1115; x_wconf 88' lang='lat' dir='ltr'><strong>credit</strong></span> <span class='ocrx_word' id='word_1_39' title='bbox 711 1045 916 1131; x_wconf 74' lang='lat' dir='ltr'><strong>firmissime,</strong></span> <span class='ocrx_word' id='word_1_40' title='bbox 947 1060 1100 1119; x_wconf 86' lang='lat' dir='ltr'><strong>contenta</strong></span> <span class='ocrx_word' id='word_1_41' title='bbox 1126 1053 1157 1118; x_wconf 93' lang='lat' dir='ltr'><strong>in</strong></span> <span class='ocrx_word' id='word_1_42' title='bbox 1183 1050 1308 1118; x_wconf 86' lang='lat' dir='ltr'><strong>eisdem</strong></span> <span class='ocrx_word' id='word_1_43' title='bbox 1335 1053 1484 1120; x_wconf 79' lang='lat' dir='ltr'><strong>articulis</strong></span> 
     </span>
     <span class='ocr_line' id='line_1_7' title="bbox 164 1137 1486 1237; baseline 0.002 -25"><span class='ocrx_word' id='word_1_44' title='bbox 164 1145 237 1213; x_wconf 88' lang='lat' dir='ltr'><strong>iore</strong></span> <span class='ocrx_word' id='word_1_45' title='bbox 261 1144 357 1226; x_wconf 77' lang='lat' dir='ltr'><strong>falsa,</strong></span> <span class='ocrx_word' id='word_1_46' title='bbox 385 1141 507 1211; x_wconf 90' lang='lat' dir='ltr'><strong>addens</strong></span> <span class='ocrx_word' id='word_1_47' title='bbox 533 1137 618 1232; x_wconf 93' lang='lat' dir='ltr'><strong>quod</strong></span> <span class='ocrx_word' id='word_1_48' title='bbox 643 1163 706 1209; x_wconf 94' lang='lat' dir='ltr'><strong>uon</strong></span> <span class='ocrx_word' id='word_1_49' title='bbox 732 1143 883 1211; x_wconf 86' lang='lat' dir='ltr'><strong>crederet</strong></span> <span class='ocrx_word' id='word_1_50' title='bbox 908 1140 993 1234; x_wconf 93' lang='lat' dir='ltr'><strong>quod</strong></span> <span class='ocrx_word' id='word_1_51' title='bbox 1022 1145 1078 1212; x_wconf 89' lang='lat' dir='ltr'><strong>illa</strong></span> <span class='ocrx_word' id='word_1_52' title='bbox 1103 1143 1207 1212; x_wconf 90' lang='lat' dir='ltr'><strong>dictus</strong></span> <span class='ocrx_word' id='word_1_53' title='bbox 1229 1141 1382 1215; x_wconf 88' lang='lat' dir='ltr'><strong>dominus</strong></span> <span class='ocrx_word' id='word_1_54' title='bbox 1408 1150 1486 1237; x_wconf 92' lang='lat' dir='ltr'><strong>epi-</strong></span> 
     </span>
     <span class='ocr_line' id='line_1_8' title="bbox 165 1232 1485 1329; baseline 0.001 -21"><span class='ocrx_word' id='word_1_55' title='bbox 165 1261 286 1329; x_wconf 87' lang='lat' dir='ltr'><strong>scopus</strong></span> <span class='ocrx_word' id='word_1_56' title='bbox 300 1242 372 1306; x_wconf 90' lang='lat' dir='ltr'><strong>sine</strong></span> <span class='ocrx_word' id='word_1_57' title='bbox 386 1241 468 1306; x_wconf 88' lang='lat' dir='ltr'><strong>scitu</strong></span> <span class='ocrx_word' id='word_1_58' title='bbox 491 1248 523 1304; x_wconf 93' lang='lat' dir='ltr'><strong>et</strong></span> <span class='ocrx_word' id='word_1_59' title='bbox 548 1232 709 1305; x_wconf 91' lang='lat' dir='ltr'><strong>adiutorio</strong></span> <span class='ocrx_word' id='word_1_60' title='bbox 735 1258 797 1306; x_wconf 91' lang='lat' dir='ltr'><strong>suo</strong></span> <span class='ocrx_word' id='word_1_61' title='bbox 822 1248 856 1307; x_wconf 86' lang='lat' dir='ltr'><strong>et</strong></span> <span class='ocrx_word' id='word_1_62' title='bbox 880 1260 1012 1308; x_wconf 89' lang='lat' dir='ltr'><strong>suorum</strong></span> <span class='ocrx_word' id='word_1_63' title='bbox 1033 1243 1210 1306; x_wconf 87' lang='lat' dir='ltr'><strong>amicornm</strong></span> <span class='ocrx_word' id='word_1_64' title='bbox 1229 1250 1345 1329; x_wconf 85' lang='lat' dir='ltr'><strong>posset</strong></span> <span class='ocrx_word' id='word_1_65' title='bbox 1361 1240 1485 1325; x_wconf 77' lang='lat' dir='ltr'><strong>iacere,</strong></span> 
     </span>
     <span class='ocr_line' id='line_1_9' title="bbox 166 1328 1485 1425; baseline 0.001 -23"><span class='ocrx_word' id='word_1_66' title='bbox 166 1356 229 1403; x_wconf 91' lang='lat' dir='ltr'><strong>neo</strong></span> <span class='ocrx_word' id='word_1_67' title='bbox 253 1344 345 1402; x_wconf 86' lang='lat' dir='ltr'><strong>esset</strong></span> <span class='ocrx_word' id='word_1_68' title='bbox 368 1328 455 1401; x_wconf 88' lang='lat' dir='ltr'><strong>dicto</strong></span> <span class='ocrx_word' id='word_1_69' title='bbox 481 1335 638 1422; x_wconf 90' lang='lat' dir='ltr'><strong>episcopo</strong></span> <span class='ocrx_word' id='word_1_70' title='bbox 665 1331 844 1421; x_wconf 74' lang='lat' dir='ltr'><strong>possibile,</strong></span> <span class='ocrx_word' id='word_1_71' title='bbox 881 1355 943 1402; x_wconf 90' lang='lat' dir='ltr'><strong>noc</strong></span> <span class='ocrx_word' id='word_1_72' title='bbox 978 1331 1129 1403; x_wconf 89' lang='lat' dir='ltr'><strong>crederet</strong></span> <span class='ocrx_word' id='word_1_73' title='bbox 1161 1332 1246 1424; x_wconf 88' lang='lat' dir='ltr'><strong>quod</strong></span> <span class='ocrx_word' id='word_1_74' title='bbox 1279 1355 1420 1425; x_wconf 85' lang='lat' dir='ltr'><strong>vnquaru</strong></span> <span class='ocrx_word' id='word_1_75' title='bbox 1447 1337 1485 1403; x_wconf 91' lang='lat' dir='ltr'><strong>ad</strong></span> 
     </span>
     <span class='ocr_line' id='line_1_10' title="bbox 169 1428 1486 1517; baseline 0.001 -21"><span class='ocrx_word' id='word_1_76' title='bbox 169 1438 308 1497; x_wconf 86' lang='lat' dir='ltr'><strong>mentem</strong></span> <span class='ocrx_word' id='word_1_77' title='bbox 341 1431 442 1517; x_wconf 87' lang='lat' dir='ltr'><strong>ipsius</strong></span> <span class='ocrx_word' id='word_1_78' title='bbox 476 1429 622 1517; x_wconf 80' lang='lat' dir='ltr'><strong>episcopi</strong></span> <span class='ocrx_word' id='word_1_79' title='bbox 655 1429 810 1496; x_wconf 79' lang='lat' dir='ltr'><strong>intrasset</strong></span> <span class='ocrx_word' id='word_1_80' title='bbox 844 1450 903 1496; x_wconf 91' lang='lat' dir='ltr'><strong>seu</strong></span> <span class='ocrx_word' id='word_1_81' title='bbox 928 1431 1127 1515; x_wconf 77' lang='lat' dir='ltr'><strong>cogitasset3</strong></span> <span class='ocrx_word' id='word_1_82' title='bbox 1164 1428 1331 1499; x_wconf 88' lang='lat' dir='ltr'><strong>addicieus</strong></span> <span class='ocrx_word' id='word_1_83' title='bbox 1370 1434 1486 1517; x_wconf 61' lang='lat' dir='ltr'><strong>ecianq</strong></span> 
     </span>
     <span class='ocr_line' id='line_1_11' title="bbox 166 1520 1486 1615; baseline 0.001 -24"><span class='ocrx_word' id='word_1_84' title='bbox 166 1523 250 1615; x_wconf 91' lang='lat' dir='ltr'><strong>quud</strong></span> <span class='ocrx_word' id='word_1_85' title='bbox 278 1545 342 1592; x_wconf 93' lang='lat' dir='ltr'><strong>non</strong></span> <span class='ocrx_word' id='word_1_86' title='bbox 369 1531 460 1590; x_wconf 90' lang='lat' dir='ltr'><strong>esset</strong></span> <span class='ocrx_word' id='word_1_87' title='bbox 485 1520 666 1589; x_wconf 88' lang='lat' dir='ltr'><strong>verisimile</strong></span> <span class='ocrx_word' id='word_1_88' title='bbox 691 1523 775 1611; x_wconf 92' lang='lat' dir='ltr'><strong>quod</strong></span> <span class='ocrx_word' id='word_1_89' title='bbox 795 1526 955 1613; x_wconf 88' lang='lat' dir='ltr'><strong>premissa</strong></span> <span class='ocrx_word' id='word_1_90' title='bbox 972 1523 1097 1591; x_wconf 89' lang='lat' dir='ltr'><strong>iaceret</strong></span> <span class='ocrx_word' id='word_1_91' title='bbox 1113 1545 1183 1591; x_wconf 82' lang='lat' dir='ltr'><strong>cunr</strong></span> <span class='ocrx_word' id='word_1_92' title='bbox 1202 1522 1355 1613; x_wconf 82' lang='lat' dir='ltr'><strong>gentibus</strong></span> <span class='ocrx_word' id='word_1_93' title='bbox 1372 1544 1486 1592; x_wconf 92' lang='lat' dir='ltr'><strong>arrna-</strong></span> 
     </span>
     <span class='ocr_line' id='line_1_12' title="bbox 166 1614 1487 1708; baseline 0.001 -21"><span class='ocrx_word' id='word_1_94' title='bbox 166 1630 271 1687; x_wconf 87' lang='lat' dir='ltr'><strong>torurn</strong></span> <span class='ocrx_word' id='word_1_95' title='bbox 297 1629 330 1685; x_wconf 91' lang='lat' dir='ltr'><strong>et</strong></span> <span class='ocrx_word' id='word_1_96' title='bbox 355 1619 621 1706; x_wconf 78' lang='lat' dir='ltr'><strong>congregacione</strong></span> <span class='ocrx_word' id='word_1_97' title='bbox 645 1637 773 1705; x_wconf 74' lang='lat' dir='ltr'><strong>magua,</strong></span> <span class='ocrx_word' id='word_1_98' title='bbox 799 1640 869 1685; x_wconf 88' lang='lat' dir='ltr'><strong>curn</strong></span> <span class='ocrx_word' id='word_1_99' title='bbox 896 1640 1096 1708; x_wconf 86' lang='lat' dir='ltr'><strong>quacumque</strong></span> <span class='ocrx_word' id='word_1_100' title='bbox 1112 1617 1191 1685; x_wconf 91' lang='lat' dir='ltr'><strong>bora</strong></span> <span class='ocrx_word' id='word_1_101' title='bbox 1207 1614 1272 1686; x_wconf 93' lang='lat' dir='ltr'><strong>diei</strong></span> <span class='ocrx_word' id='word_1_102' title='bbox 1289 1622 1361 1686; x_wconf 88' lang='lat' dir='ltr'><strong>siue</strong></span> <span class='ocrx_word' id='word_1_103' title='bbox 1379 1624 1487 1688; x_wconf 90' lang='lat' dir='ltr'><strong>noctis</strong></span> 
     </span>
     <span class='ocr_line' id='line_1_13' title="bbox 167 1708 1488 1805; baseline -0.001 -22"><span class='ocrx_word' id='word_1_104' title='bbox 167 1722 281 1805; x_wconf 88' lang='lat' dir='ltr'><strong>posset</strong></span> <span class='ocrx_word' id='word_1_105' title='bbox 306 1712 409 1780; x_wconf 89' lang='lat' dir='ltr'><strong>libere</strong></span> <span class='ocrx_word' id='word_1_106' title='bbox 434 1715 556 1778; x_wconf 89' lang='lat' dir='ltr'><strong>intrare</strong></span> <span class='ocrx_word' id='word_1_107' title='bbox 581 1714 742 1778; x_wconf 80' lang='lat' dir='ltr'><strong>ciuitatem</strong></span> <span class='ocrx_word' id='word_1_108' title='bbox 768 1758 806 1767; x_wconf 95' lang='lat'>-</span> <span class='ocrx_word' id='word_1_109' title='bbox 839 1723 872 1780; x_wconf 91' lang='lat' dir='ltr'><strong>et</strong></span> <span class='ocrx_word' id='word_1_110' title='bbox 903 1708 986 1781; x_wconf 86' lang='lat' dir='ltr'><strong>idern</strong></span> <span class='ocrx_word' id='word_1_111' title='bbox 1013 1717 1187 1803; x_wconf 90' lang='lat' dir='ltr'><strong>episcopus</strong></span> <span class='ocrx_word' id='word_1_112' title='bbox 1214 1723 1248 1780; x_wconf 91' lang='lat' dir='ltr'><strong>et</strong></span> <span class='ocrx_word' id='word_1_113' title='bbox 1273 1717 1323 1781; x_wconf 91' lang='lat' dir='ltr'><strong>sui</strong></span> <span class='ocrx_word' id='word_1_114' title='bbox 1348 1712 1488 1782; x_wconf 80' lang='lat' dir='ltr'><strong>babeant</strong></span> 
     </span>
     <span class='ocr_line' id='line_1_14' title="bbox 167 1806 1486 1898; baseline -0.001 -21"><span class='ocrx_word' id='word_1_115' title='bbox 167 1810 280 1877; x_wconf 90' lang='lat' dir='ltr'><strong>claues</strong></span> <span class='ocrx_word' id='word_1_116' title='bbox 306 1817 481 1897; x_wconf 80' lang='lat' dir='ltr'><strong>portarum,</strong></span> <span class='ocrx_word' id='word_1_117' title='bbox 507 1815 539 1873; x_wconf 92' lang='lat' dir='ltr'><strong>et</strong></span> <span class='ocrx_word' id='word_1_118' title='bbox 564 1806 748 1874; x_wconf 92' lang='lat' dir='ltr'><strong>custodiunt</strong></span> <span class='ocrx_word' id='word_1_119' title='bbox 772 1809 933 1875; x_wconf 88' lang='lat' dir='ltr'><strong>ciuitatem</strong></span> <span class='ocrx_word' id='word_1_120' title='bbox 962 1841 996 1849; x_wconf 89' lang='lat'>-</span> <span class='ocrx_word' id='word_1_121' title='bbox 1024 1818 1057 1874; x_wconf 91' lang='lat' dir='ltr'><strong>et</strong></span> <span class='ocrx_word' id='word_1_122' title='bbox 1093 1813 1186 1875; x_wconf 85' lang='lat' dir='ltr'><strong>exire</strong></span> <span class='ocrx_word' id='word_1_123' title='bbox 1211 1829 1271 1898; x_wconf 91' lang='lat' dir='ltr'><strong>pru</strong></span> <span class='ocrx_word' id='word_1_124' title='bbox 1300 1806 1392 1876; x_wconf 92' lang='lat' dir='ltr'><strong>libito</strong></span> <span class='ocrx_word' id='word_1_125' title='bbox 1419 1831 1486 1876; x_wconf 92' lang='lat' dir='ltr'><strong>vo-</strong></span> 
     </span>
     <span class='ocr_line' id='line_1_15' title="bbox 168 1903 311 1972; baseline -0.014 0"><span class='ocrx_word' id='word_1_126' title='bbox 168 1903 311 1972; x_wconf 75' lang='lat' dir='ltr'><strong>luntatis.</strong></span> 
     </span>
    </p>

    <p class='ocr_par' dir='ltr' id='par_1_4' title="bbox 167 1995 1490 3416">
     <span class='ocr_line' id='line_1_16' title="bbox 266 1995 1488 2086; baseline 0.002 -22"><span class='ocrx_word' id='word_1_127' title='bbox 266 1997 371 2086; x_wconf 87' lang='lat' dir='ltr'><strong>Super</strong></span> <span class='ocrx_word' id='word_1_128' title='bbox 409 2007 526 2065; x_wconf 89' lang='lat' dir='ltr'><strong>octauo</strong></span> <span class='ocrx_word' id='word_1_129' title='bbox 566 1995 711 2068; x_wconf 90' lang='lat' dir='ltr'><strong>articulo</strong></span> <span class='ocrx_word' id='word_1_130' title='bbox 744 1999 965 2085; x_wconf 81' lang='lat' dir='ltr'><strong>interrogatus</strong></span> <span class='ocrx_word' id='word_1_131' title='bbox 1002 2007 1035 2064; x_wconf 91' lang='lat' dir='ltr'><strong>et</strong></span> <span class='ocrx_word' id='word_1_132' title='bbox 1071 1997 1245 2086; x_wconf 82' lang='lat' dir='ltr'><strong>diligenter</strong></span> <span class='ocrx_word' id='word_1_133' title='bbox 1283 2001 1488 2067; x_wconf 83' lang='lat' dir='ltr'><strong>examinatus</strong></span> 
     </span>
     <span class='ocr_line' id='line_1_17' title="bbox 167 2087 1486 2184; baseline -0.001 -22"><span class='ocrx_word' id='word_1_134' title='bbox 167 2091 336 2184; x_wconf 91' lang='lat' dir='ltr'><strong>respondit</strong></span> <span class='ocrx_word' id='word_1_135' title='bbox 360 2091 442 2159; x_wconf 91' lang='lat' dir='ltr'><strong>idern</strong></span> <span class='ocrx_word' id='word_1_136' title='bbox 476 2092 590 2175; x_wconf 71' lang='lat' dir='ltr'><strong>testis,</strong></span> <span class='ocrx_word' id='word_1_137' title='bbox 625 2090 685 2159; x_wconf 88' lang='lat' dir='ltr'><strong>sibi</strong></span> <span class='ocrx_word' id='word_1_138' title='bbox 721 2090 818 2162; x_wconf 91' lang='lat' dir='ltr'><strong>nicbil</strong></span> <span class='ocrx_word' id='word_1_139' title='bbox 843 2087 884 2159; x_wconf 94' lang='lat' dir='ltr'><strong>de</strong></span> <span class='ocrx_word' id='word_1_140' title='bbox 911 2095 1071 2160; x_wconf 91' lang='lat' dir='ltr'><strong>contentis</strong></span> <span class='ocrx_word' id='word_1_141' title='bbox 1098 2095 1129 2159; x_wconf 95' lang='lat' dir='ltr'><strong>in</strong></span> <span class='ocrx_word' id='word_1_142' title='bbox 1156 2093 1293 2161; x_wconf 87' lang='lat' dir='ltr'><strong>nrticulo</strong></span> <span class='ocrx_word' id='word_1_143' title='bbox 1320 2104 1486 2162; x_wconf 89' lang='lat' dir='ltr'><strong>constare.</strong></span> 
     </span>
     <span class='ocr_line' id='line_1_18' title="bbox 169 2183 1489 2277; baseline -0.001 -20"><span class='ocrx_word' id='word_1_144' title='bbox 169 2188 250 2257; x_wconf 80' lang='lat' dir='ltr'><strong>ano</strong></span> <span class='ocrx_word' id='word_1_145' title='bbox 276 2184 400 2272; x_wconf 70' lang='lat' dir='ltr'><strong>credit,</strong></span> <span class='ocrx_word' id='word_1_146' title='bbox 432 2185 487 2253; x_wconf 88' lang='lat' dir='ltr'><strong>illa</strong></span> <span class='ocrx_word' id='word_1_147' title='bbox 515 2207 593 2254; x_wconf 89' lang='lat' dir='ltr'><strong>esse</strong></span> <span class='ocrx_word' id='word_1_148' title='bbox 617 2183 700 2253; x_wconf 87' lang='lat' dir='ltr'><strong>lalsa</strong></span> <span class='ocrx_word' id='word_1_149' title='bbox 727 2195 759 2253; x_wconf 90' lang='lat' dir='ltr'><strong>et</strong></span> <span class='ocrx_word' id='word_1_150' title='bbox 784 2185 931 2256; x_wconf 83' lang='lat' dir='ltr'><strong>conficta.</strong></span> <span class='ocrx_word' id='word_1_151' title='bbox 982 2187 1063 2254; x_wconf 84' lang='lat' dir='ltr'><strong>anu</strong></span> <span class='ocrx_word' id='word_1_152' title='bbox 1088 2188 1168 2254; x_wconf 86' lang='lat' dir='ltr'><strong>vidit</strong></span> <span class='ocrx_word' id='word_1_153' title='bbox 1193 2198 1226 2254; x_wconf 92' lang='lat' dir='ltr'><strong>et</strong></span> <span class='ocrx_word' id='word_1_154' title='bbox 1252 2208 1392 2277; x_wconf 90' lang='lat' dir='ltr'><strong>presens</strong></span> <span class='ocrx_word' id='word_1_155' title='bbox 1418 2189 1489 2271; x_wconf 78' lang='lat' dir='ltr'><strong>fuit,</strong></span> 
     </span>
     <span class='ocr_line' id='line_1_19' title="bbox 167 2279 1488 2374; baseline 0 -24"><span class='ocrx_word' id='word_1_156' title='bbox 167 2279 342 2374; x_wconf 80' lang='lat' dir='ltr'><strong>quodiana</strong></span> <span class='ocrx_word' id='word_1_157' title='bbox 368 2284 516 2351; x_wconf 89' lang='lat' dir='ltr'><strong>canonici</strong></span> <span class='ocrx_word' id='word_1_158' title='bbox 550 2280 662 2350; x_wconf 89' lang='lat' dir='ltr'><strong>clerici</strong></span> <span class='ocrx_word' id='word_1_159' title='bbox 697 2283 813 2362; x_wconf 75' lang='lat' dir='ltr'><strong>ciues,</strong></span> <span class='ocrx_word' id='word_1_160' title='bbox 851 2284 1146 2371; x_wconf 86' lang='lat' dir='ltr'><strong>quocienscumque</strong></span> <span class='ocrx_word' id='word_1_161' title='bbox 1179 2281 1315 2366; x_wconf 74' lang='lat' dir='ltr'><strong>volunt,</strong></span> <span class='ocrx_word' id='word_1_162' title='bbox 1350 2293 1488 2371; x_wconf 87' lang='lat' dir='ltr'><strong>possunt</strong></span> 
     </span>
     <span class='ocr_line' id='line_1_20' title="bbox 168 2374 1487 2467; baseline -0.001 -20"><span class='ocrx_word' id='word_1_163' title='bbox 168 2377 329 2447; x_wconf 89' lang='lat' dir='ltr'><strong>accedere</strong></span> <span class='ocrx_word' id='word_1_164' title='bbox 344 2381 532 2467; x_wconf 86' lang='lat' dir='ltr'><strong>episcopum</strong></span> <span class='ocrx_word' id='word_1_165' title='bbox 558 2374 661 2443; x_wconf 88' lang='lat' dir='ltr'><strong>libere</strong></span> <span class='ocrx_word' id='word_1_166' title='bbox 687 2386 720 2444; x_wconf 90' lang='lat' dir='ltr'><strong>ot</strong></span> <span class='ocrx_word' id='word_1_167' title='bbox 743 2377 902 2446; x_wconf 89' lang='lat' dir='ltr'><strong>recedere</strong></span> <span class='ocrx_word' id='word_1_168' title='bbox 928 2375 967 2443; x_wconf 89' lang='lat' dir='ltr'><strong>ab</strong></span> <span class='ocrx_word' id='word_1_169' title='bbox 993 2379 1065 2466; x_wconf 92' lang='lat' dir='ltr'><strong>ipso</strong></span> <span class='ocrx_word' id='word_1_170' title='bbox 1092 2398 1150 2466; x_wconf 93' lang='lat' dir='ltr'><strong>pro</strong></span> <span class='ocrx_word' id='word_1_171' title='bbox 1176 2376 1267 2444; x_wconf 92' lang='lat' dir='ltr'><strong>libito</strong></span> <span class='ocrx_word' id='word_1_172' title='bbox 1308 2377 1487 2446; x_wconf 88' lang='lat' dir='ltr'><strong>voluntatis</strong></span> 
     </span>
     <span class='ocr_line' id='line_1_21' title="bbox 168 2468 1487 2562; baseline -0.002 -20"><span class='ocrx_word' id='word_1_173' title='bbox 168 2478 240 2542; x_wconf 90' lang='lat' dir='ltr'><strong>sine</strong></span> <span class='ocrx_word' id='word_1_174' title='bbox 259 2472 364 2562; x_wconf 83' lang='lat' dir='ltr'><strong>eliqua</strong></span> <span class='ocrx_word' id='word_1_175' title='bbox 391 2471 540 2538; x_wconf 83' lang='lat' dir='ltr'><strong>molestie</strong></span> <span class='ocrx_word' id='word_1_176' title='bbox 566 2481 599 2537; x_wconf 92' lang='lat' dir='ltr'><strong>et</strong></span> <span class='ocrx_word' id='word_1_177' title='bbox 625 2470 819 2556; x_wconf 77' lang='lat' dir='ltr'><strong>offensione,</strong></span> <span class='ocrx_word' id='word_1_178' title='bbox 844 2481 876 2538; x_wconf 90' lang='lat' dir='ltr'><strong>et</strong></span> <span class='ocrx_word' id='word_1_179' title='bbox 902 2473 944 2537; x_wconf 90' lang='lat' dir='ltr'><strong>ita</strong></span> <span class='ocrx_word' id='word_1_180' title='bbox 960 2475 1061 2539; x_wconf 87' lang='lat' dir='ltr'><strong>eciam</strong></span> <span class='ocrx_word' id='word_1_181' title='bbox 1080 2468 1234 2539; x_wconf 88' lang='lat' dir='ltr'><strong>hodierna</strong></span> <span class='ocrx_word' id='word_1_182' title='bbox 1261 2472 1312 2538; x_wconf 90' lang='lat' dir='ltr'><strong>die</strong></span> <span class='ocrx_word' id='word_1_183' title='bbox 1338 2483 1487 2561; x_wconf 67' lang='lat' dir='ltr'><strong>possunt,</strong></span> 
     </span>
     <span class='ocr_line' id='line_1_22' title="bbox 169 2561 1487 2656; baseline 0 -21"><span class='ocrx_word' id='word_1_184' title='bbox 169 2579 201 2636; x_wconf 93' lang='lat' dir='ltr'><strong>et</strong></span> <span class='ocrx_word' id='word_1_185' title='bbox 226 2569 358 2635; x_wconf 86' lang='lat' dir='ltr'><strong>cottidie</strong></span> <span class='ocrx_word' id='word_1_186' title='bbox 383 2567 513 2634; x_wconf 86' lang='lat' dir='ltr'><strong>iaciunt.</strong></span> <span class='ocrx_word' id='word_1_187' title='bbox 563 2561 663 2634; x_wconf 81' lang='lat' dir='ltr'><strong>Addit</strong></span> <span class='ocrx_word' id='word_1_188' title='bbox 687 2571 790 2632; x_wconf 86' lang='lat' dir='ltr'><strong>eciam</strong></span> <span class='ocrx_word' id='word_1_189' title='bbox 817 2566 900 2632; x_wconf 86' lang='lat' dir='ltr'><strong>idern</strong></span> <span class='ocrx_word' id='word_1_190' title='bbox 927 2571 1032 2649; x_wconf 42' lang='lat' dir='ltr'><strong>testisq</strong></span> <span class='ocrx_word' id='word_1_191' title='bbox 1059 2563 1143 2655; x_wconf 94' lang='lat' dir='ltr'><strong>quod</strong></span> <span class='ocrx_word' id='word_1_192' title='bbox 1158 2570 1229 2656; x_wconf 92' lang='lat' dir='ltr'><strong>ipse</strong></span> <span class='ocrx_word' id='word_1_193' title='bbox 1246 2565 1362 2633; x_wconf 85' lang='lat' dir='ltr'><strong>hubent</strong></span> <span class='ocrx_word' id='word_1_194' title='bbox 1378 2589 1487 2656; x_wconf 91' lang='lat' dir='ltr'><strong>quen-</strong></span> 
     </span>
     <span class='ocr_line' id='line_1_23' title="bbox 168 2657 1488 2750; baseline 0 -20"><span class='ocrx_word' id='word_1_195' title='bbox 168 2660 239 2730; x_wconf 81' lang='lat' dir='ltr'><strong>dant</strong></span> <span class='ocrx_word' id='word_1_196' title='bbox 265 2664 396 2729; x_wconf 87' lang='lat' dir='ltr'><strong>iratrern</strong></span> <span class='ocrx_word' id='word_1_197' title='bbox 424 2665 554 2728; x_wconf 88' lang='lat' dir='ltr'><strong>nomine</strong></span> <span class='ocrx_word' id='word_1_198' title='bbox 579 2657 867 2729; x_wconf 87' lang='lat' dir='ltr'><strong>Eberhardnm</strong></span> <span class='ocrx_word' id='word_1_199' title='bbox 895 2660 1049 2745; x_wconf 77' lang='lat' dir='ltr'><strong>Fuchs‚</strong></span> <span class='ocrx_word' id='word_1_200' title='bbox 1073 2664 1124 2750; x_wconf 89' lang='lat' dir='ltr'><strong>qui</strong></span> <span class='ocrx_word' id='word_1_201' title='bbox 1152 2664 1253 2728; x_wconf 82' lang='lat' dir='ltr'><strong>eciem</strong></span> <span class='ocrx_word' id='word_1_202' title='bbox 1271 2671 1322 2729; x_wconf 88' lang='lat' dir='ltr'><strong>est</strong></span> <span class='ocrx_word' id='word_1_203' title='bbox 1344 2665 1488 2730; x_wconf 86' lang='lat' dir='ltr'><strong>cunoni-</strong></span> 
     </span>
     <span class='ocr_line' id='line_1_24' title="bbox 169 2755 1490 2847; baseline -0.001 -22"><span class='ocrx_word' id='word_1_204' title='bbox 169 2781 225 2826; x_wconf 86' lang='lat' dir='ltr'><strong>cus</strong></span> <span class='ocrx_word' id='word_1_205' title='bbox 254 2757 467 2847; x_wconf 86' lang='lat' dir='ltr'><strong>prebendatns</strong></span> <span class='ocrx_word' id='word_1_206' title='bbox 494 2756 638 2824; x_wconf 90' lang='lat' dir='ltr'><strong>ecclesie</strong></span> <span class='ocrx_word' id='word_1_207' title='bbox 674 2755 1018 2844; x_wconf 79' lang='lat' dir='ltr'><strong>herbipolensis,</strong></span> <span class='ocrx_word' id='word_1_208' title='bbox 1052 2760 1103 2844; x_wconf 95' lang='lat' dir='ltr'><strong>qui</strong></span> <span class='ocrx_word' id='word_1_209' title='bbox 1140 2760 1280 2824; x_wconf 89' lang='lat' dir='ltr'><strong>recessit</strong></span> <span class='ocrx_word' id='word_1_210' title='bbox 1316 2757 1399 2824; x_wconf 88' lang='lat' dir='ltr'><strong>alias</strong></span> <span class='ocrx_word' id='word_1_211' title='bbox 1449 2758 1490 2825; x_wconf 92' lang='lat' dir='ltr'><strong>de</strong></span> 
     </span>
     <span class='ocr_line' id='line_1_25' title="bbox 171 2847 1490 2941; baseline -0.002 -21"><span class='ocrx_word' id='word_1_212' title='bbox 171 2852 420 2941; x_wconf 72' lang='lat' dir='ltr'><strong>herbipoli,</strong></span> <span class='ocrx_word' id='word_1_213' title='bbox 446 2847 504 2918; x_wconf 91' lang='lat' dir='ltr'><strong>sed</strong></span> <span class='ocrx_word' id='word_1_214' title='bbox 530 2871 593 2917; x_wconf 94' lang='lat' dir='ltr'><strong>non</strong></span> <span class='ocrx_word' id='word_1_215' title='bbox 620 2854 799 2917; x_wconf 89' lang='lat' dir='ltr'><strong>recesserit</strong></span> <span class='ocrx_word' id='word_1_216' title='bbox 821 2861 952 2940; x_wconf 87' lang='lat' dir='ltr'><strong>propter</strong></span> <span class='ocrx_word' id='word_1_217' title='bbox 967 2850 1100 2918; x_wconf 84' lang='lat' dir='ltr'><strong>eundern</strong></span> <span class='ocrx_word' id='word_1_218' title='bbox 1121 2872 1263 2932; x_wconf 63' lang='lat' dir='ltr'><strong>causam„</strong></span> <span class='ocrx_word' id='word_1_219' title='bbox 1280 2850 1338 2919; x_wconf 91' lang='lat' dir='ltr'><strong>sed</strong></span> <span class='ocrx_word' id='word_1_220' title='bbox 1355 2862 1490 2941; x_wconf 89' lang='lat' dir='ltr'><strong>propter</strong></span> 
     </span>
     <span class='ocr_line' id='line_1_26' title="bbox 169 2942 1489 3034; baseline -0.001 -18"><span class='ocrx_word' id='word_1_221' title='bbox 169 2960 259 3016; x_wconf 88' lang='lat' dir='ltr'><strong>certa</strong></span> <span class='ocrx_word' id='word_1_222' title='bbox 286 2969 343 3014; x_wconf 92' lang='lat' dir='ltr'><strong>sua</strong></span> <span class='ocrx_word' id='word_1_223' title='bbox 373 2949 512 3033; x_wconf 85' lang='lat' dir='ltr'><strong>negucia</strong></span> <span class='ocrx_word' id='word_1_224' title='bbox 539 2967 601 3034; x_wconf 90' lang='lat' dir='ltr'><strong>que</strong></span> <span class='ocrx_word' id='word_1_225' title='bbox 623 2943 730 3012; x_wconf 92' lang='lat' dir='ltr'><strong>habuit</strong></span> <span class='ocrx_word' id='word_1_226' title='bbox 755 2942 934 3034; x_wconf 87' lang='lat' dir='ltr'><strong>expedire:</strong></span> <span class='ocrx_word' id='word_1_227' title='bbox 971 2956 1003 3011; x_wconf 91' lang='lat' dir='ltr'><strong>et</strong></span> <span class='ocrx_word' id='word_1_228' title='bbox 1024 2945 1082 3012; x_wconf 93' lang='lat' dir='ltr'><strong>ille</strong></span> <span class='ocrx_word' id='word_1_229' title='bbox 1117 2949 1259 3014; x_wconf 87' lang='lat' dir='ltr'><strong>recessit</strong></span> <span class='ocrx_word' id='word_1_230' title='bbox 1284 2946 1323 3012; x_wconf 93' lang='lat' dir='ltr'><strong>de</strong></span> <span class='ocrx_word' id='word_1_231' title='bbox 1349 2944 1489 3015; x_wconf 87' lang='lat' dir='ltr'><strong>licencia</strong></span> 
     </span>
     <span class='ocr_line' id='line_1_27' title="bbox 169 3040 1490 3130; baseline -0.001 -20"><span class='ocrx_word' id='word_1_232' title='bbox 169 3053 202 3110; x_wconf 90' lang='lat' dir='ltr'><strong>et</strong></span> <span class='ocrx_word' id='word_1_233' title='bbox 228 3042 397 3108; x_wconf 85' lang='lat' dir='ltr'><strong>voluntate</strong></span> <span class='ocrx_word' id='word_1_234' title='bbox 423 3040 499 3108; x_wconf 89' lang='lat' dir='ltr'><strong>dicti</strong></span> <span class='ocrx_word' id='word_1_235' title='bbox 526 3040 644 3108; x_wconf 82' lang='lat' dir='ltr'><strong>donini</strong></span> <span class='ocrx_word' id='word_1_236' title='bbox 672 3043 827 3130; x_wconf 88' lang='lat' dir='ltr'><strong>episcopi.</strong></span> <span class='ocrx_word' id='word_1_237' title='bbox 878 3040 1106 3128; x_wconf 78' lang='lat' dir='ltr'><strong>interrogatus</strong></span> <span class='ocrx_word' id='word_1_238' title='bbox 1133 3040 1270 3130; x_wconf 87' lang='lat' dir='ltr'><strong>qualiter</strong></span> <span class='ocrx_word' id='word_1_239' title='bbox 1298 3041 1352 3106; x_wconf 92' lang='lat' dir='ltr'><strong>illa</strong></span> <span class='ocrx_word' id='word_1_240' title='bbox 1375 3044 1490 3126; x_wconf 75' lang='lat' dir='ltr'><strong>sciret,</strong></span> 
     </span>
     <span class='ocr_line' id='line_1_28' title="bbox 170 3133 1489 3226; baseline -0.001 -22"><span class='ocrx_word' id='word_1_241' title='bbox 170 3133 358 3226; x_wconf 72' lang='lat' dir='ltr'><strong>respondit,</strong></span> <span class='ocrx_word' id='word_1_242' title='bbox 394 3136 479 3225; x_wconf 91' lang='lat' dir='ltr'><strong>quod</strong></span> <span class='ocrx_word' id='word_1_243' title='bbox 514 3138 682 3225; x_wconf 87' lang='lat' dir='ltr'><strong>premissis</strong></span> <span class='ocrx_word' id='word_1_244' title='bbox 707 3134 869 3210; x_wconf 74' lang='lat' dir='ltr'><strong>interfuit,</strong></span> <span class='ocrx_word' id='word_1_245' title='bbox 908 3146 941 3202; x_wconf 90' lang='lat' dir='ltr'><strong>et</strong></span> <span class='ocrx_word' id='word_1_246' title='bbox 966 3139 995 3201; x_wconf 93' lang='lat' dir='ltr'><strong>in</strong></span> <span class='ocrx_word' id='word_1_247' title='bbox 1023 3138 1154 3204; x_wconf 87' lang='lat' dir='ltr'><strong>ciuitate</strong></span> <span class='ocrx_word' id='word_1_248' title='bbox 1179 3135 1489 3224; x_wconf 89' lang='lat' dir='ltr'><strong>herbipolensi</strong></span> 
     </span>
     <span class='ocr_line' id='line_1_29' title="bbox 169 3226 1490 3321; baseline -0.002 -21"><span class='ocrx_word' id='word_1_249' title='bbox 169 3231 228 3300; x_wconf 91' lang='lat' dir='ltr'><strong>luit</strong></span> <span class='ocrx_word' id='word_1_250' title='bbox 253 3242 327 3299; x_wconf 90' lang='lat' dir='ltr'><strong>ante</strong></span> <span class='ocrx_word' id='word_1_251' title='bbox 353 3239 385 3297; x_wconf 90' lang='lat' dir='ltr'><strong>et</strong></span> <span class='ocrx_word' id='word_1_252' title='bbox 411 3241 505 3321; x_wconf 87' lang='lat' dir='ltr'><strong>post:</strong></span> <span class='ocrx_word' id='word_1_253' title='bbox 539 3233 610 3320; x_wconf 91' lang='lat' dir='ltr'><strong>ipse</strong></span> <span class='ocrx_word' id='word_1_254' title='bbox 635 3251 700 3298; x_wconf 92' lang='lat' dir='ltr'><strong>non</strong></span> <span class='ocrx_word' id='word_1_255' title='bbox 723 3226 804 3297; x_wconf 87' lang='lat' dir='ltr'><strong>vidit</strong></span> <span class='ocrx_word' id='word_1_256' title='bbox 829 3229 967 3317; x_wconf 86' lang='lat' dir='ltr'><strong>aliquem</strong></span> <span class='ocrx_word' id='word_1_257' title='bbox 995 3230 1165 3305; x_wconf 77' lang='lat' dir='ltr'><strong>recedere,</strong></span> <span class='ocrx_word' id='word_1_258' title='bbox 1190 3251 1267 3320; x_wconf 73' lang='lat' dir='ltr'><strong>ymo</strong></span> <span class='ocrx_word' id='word_1_259' title='bbox 1293 3230 1374 3297; x_wconf 87' lang='lat' dir='ltr'><strong>vidit</strong></span> <span class='ocrx_word' id='word_1_260' title='bbox 1399 3235 1490 3298; x_wconf 90' lang='lat' dir='ltr'><strong>ciues</strong></span> 
     </span>
     <span class='ocr_line' id='line_1_30' title="bbox 172 3321 1253 3416; baseline -0.002 -22"><span class='ocrx_word' id='word_1_261' title='bbox 172 3326 333 3396; x_wconf 87' lang='lat' dir='ltr'><strong>accedere</strong></span> <span class='ocrx_word' id='word_1_262' title='bbox 359 3321 521 3393; x_wconf 87' lang='lat' dir='ltr'><strong>dominnm</strong></span> <span class='ocrx_word' id='word_1_263' title='bbox 548 3328 735 3415; x_wconf 87' lang='lat' dir='ltr'><strong>episcopum</strong></span> <span class='ocrx_word' id='word_1_264' title='bbox 763 3336 836 3392; x_wconf 91' lang='lat' dir='ltr'><strong>tunc</strong></span> <span class='ocrx_word' id='word_1_265' title='bbox 864 3329 1019 3415; x_wconf 87' lang='lat' dir='ltr'><strong>temporis</strong></span> <span class='ocrx_word' id='word_1_266' title='bbox 1047 3328 1129 3392; x_wconf 91' lang='lat' dir='ltr'><strong>sicut</strong></span> <span class='ocrx_word' id='word_1_267' title='bbox 1154 3329 1253 3416; x_wconf 78' lang='lat' dir='ltr'><strong>prius</strong></span> 
     </span>
    </p>

    <p class='ocr_par' dir='ltr' id='par_1_5' title="bbox 268 3420 801 3510">
     <span class='ocr_line' id='line_1_31' title="bbox 268 3420 801 3510; baseline -0.006 -21"><span class='ocrx_word' id='word_1_268' title='bbox 268 3420 374 3510; x_wconf 87' lang='lat' dir='ltr'><strong>Super</strong></span> <span class='ocrx_word' id='word_1_269' title='bbox 399 3420 610 3509; x_wconf 85' lang='lat' dir='ltr'><strong>generalibus</strong></span> <span class='ocrx_word' id='word_1_270' title='bbox 637 3431 670 3487; x_wconf 90' lang='lat' dir='ltr'><strong>ut</strong></span> <span class='ocrx_word' id='word_1_271' title='bbox 695 3442 801 3510; x_wconf 87' lang='lat' dir='ltr'><strong>supra.</strong></span> 
     </span>
    </p>
   </div>
   <div class='ocr_carea' id='block_1_3' title="bbox 812 3586 845 3652">
    <p class='ocr_par' dir='ltr' id='par_1_6' title="bbox 812 3586 845 3652">
     <span class='ocr_line' id='line_1_32' title="bbox 812 3586 845 3652; baseline -0.03 0"><span class='ocrx_word' id='word_1_272' title='bbox 812 3586 845 3652; x_wconf 84' lang='lat'><strong>8.</strong></span> 
     </span>
    </p>
   </div>
   <div class='ocr_carea' id='block_1_4' title="bbox 171 3702 1488 3987">
    <p class='ocr_par' dir='ltr' id='par_1_7' title="bbox 171 3702 1488 3987">
     <span class='ocr_line' id='line_1_33' title="bbox 266 3702 1486 3797; baseline 0 -23"><span class='ocrx_word' id='word_1_273' title='bbox 266 3706 385 3775; x_wconf 85' lang='lat' dir='ltr'><strong>Eadem</strong></span> <span class='ocrx_word' id='word_1_274' title='bbox 419 3702 470 3776; x_wconf 91' lang='lat' dir='ltr'><strong>die</strong></span> <span class='ocrx_word' id='word_1_275' title='bbox 508 3718 540 3774; x_wconf 92' lang='lat' dir='ltr'><strong>et</strong></span> <span class='ocrx_word' id='word_1_276' title='bbox 574 3706 652 3774; x_wconf 88' lang='lat' dir='ltr'><strong>bora</strong></span> <span class='ocrx_word' id='word_1_277' title='bbox 686 3703 894 3797; x_wconf 69' lang='lat' dir='ltr'><strong>Spiridus</strong></span> <span class='ocrx_word' id='word_1_278' title='bbox 920 3706 1142 3793; x_wconf 77' lang='lat' dir='ltr'><strong>Vjschlin‚</strong></span> <span class='ocrx_word' id='word_1_279' title='bbox 1181 3710 1335 3793; x_wconf 83' lang='lat' dir='ltr'><strong>magister</strong></span> <span class='ocrx_word' id='word_1_280' title='bbox 1371 3710 1486 3775; x_wconf 85' lang='lat' dir='ltr'><strong>ciuium</strong></span> 
     </span>
     <span class='ocr_line' id='line_1_34' title="bbox 171 3801 1488 3893; baseline 0.002 -25"><span class='ocrx_word' id='word_1_281' title='bbox 171 3806 309 3870; x_wconf 88' lang='lat' dir='ltr'><strong>ciuitatis</strong></span> <span class='ocrx_word' id='word_1_282' title='bbox 336 3803 691 3893; x_wconf 72' lang='lat' dir='ltr'><strong>herbipolensis,</strong></span> <span class='ocrx_word' id='word_1_283' title='bbox 724 3805 819 3869; x_wconf 87' lang='lat' dir='ltr'><strong>etatis</strong></span> <span class='ocrx_word' id='word_1_284' title='bbox 845 3801 932 3869; x_wconf 84' lang='lat' dir='ltr'><strong>XLV</strong></span> <span class='ocrx_word' id='word_1_285' title='bbox 959 3823 1113 3868; x_wconf 87' lang='lat' dir='ltr'><strong>annorum</strong></span> <span class='ocrx_word' id='word_1_286' title='bbox 1142 3806 1237 3869; x_wconf 88' lang='lat' dir='ltr'><strong>etatis</strong></span> <span class='ocrx_word' id='word_1_287' title='bbox 1264 3824 1335 3885; x_wconf 67' lang='lat' dir='ltr'><strong>sne‚</strong></span> <span class='ocrx_word' id='word_1_288' title='bbox 1372 3806 1488 3869; x_wconf 86' lang='lat' dir='ltr'><strong>citatus</strong></span> 
     </span>
     <span class='ocr_line' id='line_1_35' title="bbox 171 3895 1487 3987; baseline 0.001 -24"><span class='ocrx_word' id='word_1_289' title='bbox 171 3901 292 3987; x_wconf 75' lang='lat' dir='ltr'><strong>juratus</strong></span> <span class='ocrx_word' id='word_1_290' title='bbox 329 3907 360 3965; x_wconf 88' lang='lat' dir='ltr'><strong>et</strong></span> <span class='ocrx_word' id='word_1_291' title='bbox 393 3895 566 3986; x_wconf 84' lang='lat' dir='ltr'><strong>diligenter</strong></span> <span class='ocrx_word' id='word_1_292' title='bbox 603 3900 805 3964; x_wconf 83' lang='lat' dir='ltr'><strong>examinatus</strong></span> <span class='ocrx_word' id='word_1_293' title='bbox 839 3917 937 3987; x_wconf 87' lang='lat' dir='ltr'><strong>super</strong></span> <span class='ocrx_word' id='word_1_294' title='bbox 970 3901 1072 3987; x_wconf 88' lang='lat' dir='ltr'><strong>primo</strong></span> <span class='ocrx_word' id='word_1_295' title='bbox 1113 3907 1145 3963; x_wconf 93' lang='lat' dir='ltr'><strong>et</strong></span> <span class='ocrx_word' id='word_1_296' title='bbox 1171 3896 1314 3964; x_wconf 88' lang='lat' dir='ltr'><strong>secundo</strong></span> <span class='ocrx_word' id='word_1_297' title='bbox 1342 3898 1487 3964; x_wconf 88' lang='lat' dir='ltr'><strong>articulis</strong></span> 
     </span>
    </p>
   </div>
   <div class='ocr_carea' id='block_1_5' title="bbox 0 0 1569 4696">
    <p class='ocr_par' dir='ltr' id='par_1_8' title="bbox 0 0 1569 4696">
     <span class='ocr_line' id='line_1_36' title="bbox 0 0 1569 4696; baseline 0 0"><span class='ocrx_word' id='word_1_298' title='bbox 0 0 1569 4696; x_wconf 95' lang='lat' dir='ltr'><strong> </strong></span> 
     </span>
    </p>
   </div>
  </div>
 </body>
</html>
