3112 4696
114 486 184 555 sat
659 492 865 559 bionumanta

116 699 188 746 cunr
215 673 331 743 dictum
366 678 537 766 capitulum
572 687 718 744 nostrum
751 679 847 747 bodie
880 677 1024 769 pluribus
1061 675 1241 744 debitorum
1275 675 1431 752 oneribus

117 775 159 839 sit
185 770 404 860 multipliciter
430 782 658 860 aggrauatum,
691 776 735 841 ita
760 773 845 863 quod
869 770 908 840 ad
935 793 1036 839 onera
1061 771 1142 840 alias
1167 781 1339 839 consweta
1365 773 1432 838 rui-

116 868 244 933 nistrari
270 868 399 933 minime
426 864 563 933 sufficiat
589 873 824 956 supportanda:
860 868 936 935 binc
960 876 1012 933 est
1036 861 1120 953 quod
1145 887 1206 933 nos
1232 866 1272 932 de
1290 869 1430 933 omnium

117 971 263 1028 nostrum
303 963 444 1027 vnarrimi
478 981 663 1045 consensu,
703 963 849 1032 ecclesie
886 972 1000 1031 nostre
1034 960 1171 1027 utilitate
1197 964 1362 1048 inspecta,
1395 981 1433 1026 ac

115 1065 239 1122 matura
265 1054 507 1122 deliberacione
541 1055 705 1145 prehabito
743 1061 773 1126 in
806 1059 946 1147 capitulo
974 1058 1193 1145 peremptorio
1219 1055 1258 1122 ad
1285 1055 1349 1122 boc
1374 1076 1431 1144 per

115 1171 177 1218 uos
209 1150 397 1239 specialiter
429 1151 602 1239 deputato,
635 1151 791 1219 videlicet
825 1174 910 1220 anno
942 1147 1061 1217 domini
1094 1150 1268 1218 millesimo
1294 1160 1432 1216 trecen-

116 1247 232 1312 tesimo
259 1248 500 1333 septuagesimo
526 1267 626 1330 nono,
651 1245 730 1312 feria
756 1251 857 1314 tercia
878 1245 1051 1314 antediem
1073 1255 1257 1314 sanctorum
1275 1243 1432 1335 Synronis

117 1335 255 1406 atinde
280 1340 523 1429 apostolorum,
556 1339 596 1406 de
621 1341 885 1409 reuerendissimi
911 1345 940 1407 in
968 1338 1097 1406 Christo
1124 1342 1223 1429 patris
1249 1361 1287 1406 ae
1313 1335 1432 1406 domini

116 1436 219 1500 nostri
236 1434 290 1501 Ge
304 1434 446 1501 rbardi
472 1437 618 1524 episcopi
643 1433 746 1501 herb
761 1440 768 1501 i
784 1436 982 1526 polensis
1007 1435 1175 1501 voluntate
1192 1443 1224 1500 et
1239 1437 1433 1503 auctoritate

117 1549 277 1617 expressa
305 1531 473 1620 stutpirnus
500 1539 534 1596 et
558 1524 776 1596 ordinauimus
806 1534 1028 1620 inperpetuum
1044 1524 1241 1612 duraturum,
1267 1527 1430 1616 oblagium

116 1632 262 1690 nostrum
303 1626 333 1690 in
359 1623 527 1690 Vrdori
564 1645 635 1690 curn
674 1627 882 1715 pertinenciis
921 1634 953 1690 et
986 1623 1112 1709 juribus
1146 1626 1214 1690 suis
1248 1619 1287 1689 ad
1321 1623 1433 1691 celare

118 1720 296 1784 serotinum
331 1738 389 1805 pro
422 1718 647 1807 supplemento
682 1722 748 1786 vini
783 1721 920 1786 serotini
956 1717 1044 1785 soliti
1078 1717 1233 1785 haetenus
1259 1713 1432 1806 prebendis

117 1811 262 1879 ecclesie
299 1821 412 1878 nostre
449 1815 644 1896 ministrari,
682 1813 766 1902 quod
802 1812 928 1903 quidem
967 1811 1224 1900 supplementum
1261 1811 1433 1900 capitulum

115 1915 261 1973 nostrum
296 1904 450 1973 haetenus
489 1907 641 1996 supplere
678 1911 881 1990 consweuit‚
918 1927 1048 1974 necnon
1087 1901 1124 1973 ad
1164 1905 1433 1992 augmentandum

116 2020 230 2089 parrern
265 1999 493 2090 prebendalem
528 2006 558 2068 in
586 2005 688 2089 cuuijs
714 1997 754 2068 de
780 2001 923 2092 syligine
949 1996 1105 2089 pistandis
1131 2010 1164 2067 et
1188 2000 1326 2086 singulis
1353 2021 1434 2089 pre-

118 2092 231 2162 bendis
266 2095 410 2163 ecelesia
442 2106 555 2163 nostre
592 2095 835 2164 ministrandum
873 2091 1029 2163 decetero
1055 2090 1267 2184 deputandum
1294 2104 1328 2161 et
1353 2116 1434 2183 pre-

117 2187 263 2258 sentibus
289 2189 496 2279 deputamus,
531 2189 624 2256 saluo
656 2201 761 2258 tamen
795 2195 865 2257 iure
891 2210 975 2256 nnnc
1000 2199 1071 2256 actu
1095 2192 1126 2256 in
1152 2189 1295 2258 ecclesia
1321 2198 1434 2256 nostra

117 2280 356 2373 possidencium
382 2281 498 2352 dictum
525 2284 687 2373 oblagiun·
721 2307 785 2376 quo
811 2285 849 2352 ad
874 2294 1020 2374 ternpore
1060 2285 1126 2351 vite
1163 2282 1321 2350 dictorum
1349 2305 1432 2372 pos-

117 2400 304 2463 sessorum,
336 2380 489 2448 volentes
516 2391 623 2447 tumen
647 2377 732 2470 quod
757 2379 871 2448 celleri
896 2390 1010 2448 nostro
1036 2381 1181 2446 serotino
1209 2399 1267 2467 pro
1293 2378 1433 2467 supple-

118 2484 225 2541 mento
251 2477 317 2542 vini
344 2479 480 2542 serotini
505 2475 593 2542 soliti
619 2475 775 2544 hactenus
801 2474 938 2563 singulis
963 2470 1135 2564 prebendis
1160 2473 1304 2541 ecclesie
1320 2483 1433 2540 nostre

118 2572 291 2636 ministrari
322 2568 362 2636 de
396 2569 526 2657 oblagio
560 2566 723 2638 antedicto
759 2580 832 2636 ante
858 2572 963 2635 omnia
991 2567 1189 2635 sufficienter
1214 2565 1433 2657 prouidentur,

117 2659 248 2730 residuo
288 2663 431 2730 eiusdem
470 2663 591 2752 oblagij
624 2665 705 2755 apud
738 2664 901 2754 predictos
929 2684 1008 2730 vsus
1046 2672 1254 2746 remanente,
1294 2663 1432 2748 singulis

120 2767 225 2824 tumen
265 2756 398 2846 parribus
447 2757 693 2847 prebendalibus
740 2781 883 2848 pronunc
932 2759 1039 2825 solitis
1084 2757 1221 2846 singulis
1258 2756 1432 2845 prebendis

118 2851 263 2920 ecclesie
288 2862 401 2919 nostre
426 2857 651 2921 amministrari
676 2876 806 2944 semper
831 2853 941 2922 saluis.

213 3001 353 3091 iusuper
379 3002 609 3086 ordinauimus‚
632 2999 716 3093 quod
741 3013 908 3092 postquam
935 3002 1053 3089 singuli
1080 2999 1221 3066 redditus
1249 2999 1368 3086 oblagij
1395 2995 1433 3066 ad

118 3118 196 3164 usus
223 3096 402 3163 antedictos
440 3099 660 3186 peruenerint‚
698 3094 781 3185 quod
807 3109 926 3166 extunc
952 3107 984 3163 et
1008 3117 1072 3163 nou
1099 3105 1173 3162 ante
1189 3097 1218 3161 in
1235 3093 1432 3162 collacioni-

119 3191 177 3257 bus
215 3189 445 3258 beneficiorum
471 3214 488 3258 a
514 3191 699 3261 senioribus
724 3195 890 3260 canonicis
918 3191 1062 3258 ecclesie
1083 3199 1196 3257 nostre
1218 3186 1431 3276 incipiendum

119 3296 255 3374 quatuor
288 3288 439 3355 seniores
473 3290 620 3355 canonici
656 3287 850 3376 capitulares
884 3285 1023 3353 babeant
1052 3286 1158 3352 locum
1185 3287 1318 3373 primunr
1346 3304 1432 3350 con-

119 3379 245 3448 ferendi
284 3379 440 3450 beneficia
479 3385 634 3448 vacancia
674 3382 712 3448 ad
750 3381 929 3449 huiusmodi
964 3380 1126 3467 oblagium
1158 3380 1341 3468 spectancia
1377 3399 1434 3467 per

120 3477 238 3565 primas
265 3485 401 3562 quatuor
426 3485 554 3564 quartas
580 3479 654 3543 anni
667 3473 841 3545 secundum
864 3475 1000 3543 formam
1017 3484 1160 3541 nostram
1177 3473 1217 3540 de
1233 3472 1431 3540 colluciani-

120 3569 179 3636 bus
206 3566 435 3638 beneficiorum
463 3579 664 3654 tractantem,
689 3581 722 3637 et
747 3574 796 3640 sic
820 3592 878 3661 per
902 3569 1045 3636 ordinem
1071 3569 1246 3636 sectandum
1270 3571 1432 3634 introitum

120 3663 264 3732 ecclesie
289 3675 401 3732 nostre
427 3686 485 3754 per
510 3668 687 3733 canonicos
714 3665 906 3754 capitulares
931 3658 1172 3730 descendendo.

216 3797 251 3866 Si
277 3796 360 3885 quod
385 3808 492 3866 tumen
516 3797 642 3865 dubium
668 3803 698 3866 irr
725 3802 892 3887 premissis
919 3820 977 3869 seu
1002 3802 1089 3866 circa
1105 3819 1144 3864 ea
1159 3806 1307 3863 exortum
1322 3797 1432 3877 fuerit,

120 3889 159 3960 ud
193 3887 419 3960 declarandum
451 3904 483 3960 et
515 3889 785 3982 interpretandum
819 3892 901 3959 idern
941 3893 1065 3959 dubium
1101 3892 1249 3978 eligimus
1281 3887 1431 3958 dominos
