3112 4696
113 449 182 517 312
660 448 866 514 monumenta

114 635 332 727 spectantibus
347 631 386 702 ed
410 634 583 703 ecclesiam
609 631 956 724 herbipolensem
982 636 1012 701 in
1039 633 1185 701 manibus
1211 637 1280 703 suis
1307 639 1430 725 potenti

114 753 208 799 manu
242 733 366 814 tenuit,
403 731 447 796 ita
481 729 565 818 quod
599 723 682 795 idem
708 732 881 819 episcopus
907 731 1118 797 neccessario
1145 728 1257 796 iacere
1282 728 1431 797 hebuerit

114 847 277 918 expensus
305 846 362 914 pro
388 825 642 914 recuperacione
678 821 835 892 libertatis
861 824 1055 892 clericorum
1082 825 1220 891 ciuitatis
1247 834 1430 892 castrorum

114 932 147 988 et
172 920 318 991 ecclesie
344 917 719 1009 herbipolensium.

210 1042 315 1129 Super
354 1042 456 1106 tercio
501 1039 637 1106 articulo
682 1042 902 1127 interrogatus
940 1050 973 1107 et
1009 1038 1184 1128 diligenter
1225 1043 1430 1111 examinatas

115 1132 299 1225 respondit,
324 1144 474 1202 contenta
500 1137 531 1200 in
558 1133 693 1201 articulo
719 1134 792 1202 iore
817 1156 919 1217 vera,
951 1134 1090 1203 reddens
1116 1157 1245 1205 causaru
1272 1139 1431 1221 sciencie,

114 1234 187 1320 quin
214 1227 296 1297 idem
323 1232 415 1296 testis
442 1225 521 1295 vidit
545 1229 629 1318 quod
654 1227 757 1296 dictus
791 1233 966 1319 episcopus
1003 1228 1332 1321 herbipolensis
1367 1231 1431 1298 he-

116 1324 218 1392 buerit
245 1324 355 1393 claues
382 1334 414 1390 et
440 1334 546 1392 turres
572 1326 710 1392 ciuitatis
744 1323 1083 1414 herbipolensis,
1121 1335 1153 1392 et
1189 1321 1346 1392 hodierna
1380 1326 1431 1394 die

115 1419 242 1505 habeat,
268 1429 300 1486 et
325 1428 431 1486 turres
457 1429 490 1486 et
512 1429 604 1509 porte
626 1439 683 1507 per
699 1417 858 1487 oliiciales
876 1440 954 1486 suos
970 1422 1101 1486 nomine
1117 1441 1177 1487 suo
1196 1419 1430 1489 custodiantur.

210 1579 316 1668 Super
353 1591 466 1668 quarto
504 1577 639 1647 articulo
680 1581 900 1667 interrogatus
943 1589 976 1647 et
1018 1579 1191 1668 diligenter
1226 1584 1430 1650 examinatus

116 1671 304 1764 respondit,
341 1685 491 1741 contenta
527 1677 559 1740 in
597 1669 683 1740 dicto
720 1674 856 1741 articulo
891 1675 962 1741 iore
999 1696 1098 1759 vere,
1131 1671 1271 1743 reddens
1297 1697 1429 1745 causam

117 1773 271 1852 sciencie,
296 1771 370 1857 quia
393 1765 473 1836 vidit
497 1768 581 1857 quod
607 1778 722 1855 gentes
748 1778 782 1836 et
806 1769 983 1836 familiares
1010 1779 1042 1836 et
1067 1767 1226 1836 officiales
1252 1765 1326 1838 dicti
1354 1775 1430 1861 epi-

116 1866 209 1953 scopi
234 1863 273 1928 de
299 1863 447 1930 rnandato
473 1866 562 1931 iussu
590 1874 622 1929 et
648 1874 802 1952 precepto
824 1874 857 1930 et
878 1867 1032 1953 expensis
1049 1863 1123 1930 dicti
1140 1867 1285 1954 episcopi
1312 1877 1431 1934 custo-

117 1958 204 2024 diunt
230 1967 339 2045 portas
366 1967 398 2023 et
423 1968 529 2025 turres
556 1960 694 2024 ciuitatis
729 1957 1066 2047 herbipolensis,
1100 1969 1132 2025 et
1158 1958 1197 2025 de
1223 1960 1373 2028 mandato
1399 1971 1432 2029 et

116 2053 253 2120 licencia
280 2052 353 2120 dicti
379 2055 524 2142 episcopi
551 2049 730 2120 addictam
758 2056 919 2120 ciuitatem
952 2063 1059 2120 turres
1093 2063 1124 2120 et
1158 2063 1268 2143 portas
1294 2057 1432 2123 intratur

117 2158 149 2213 et
175 2157 321 2214 exeatur.

212 2269 317 2358 Super
356 2271 465 2356 quinto
508 2268 643 2335 articulo
689 2270 908 2356 interrogatus
948 2278 980 2335 et
1016 2264 1189 2354 diligenter
1226 2272 1432 2338 examinatus

116 2359 304 2452 respondit,
330 2358 415 2450 quod
440 2363 524 2429 idem
551 2365 724 2453 episcopus
751 2362 865 2430 hebeat
891 2384 1018 2431 ornnem
1042 2358 1299 2451 jurisdictionem
1327 2368 1431 2455 spiri-

116 2459 233 2525 tualem
261 2467 293 2525 et
318 2457 543 2546 temporalem,
569 2458 664 2524 altam
692 2457 833 2541 bassam,
859 2457 1017 2526 olhciales
1040 2457 1167 2545 judiees
1193 2458 1431 2547 gubernatores

118 2550 257 2642 ponendi
284 2562 315 2618 et
340 2553 522 2642 deponendi
549 2575 607 2642 pro
634 2552 724 2620 libito
752 2553 943 2637 voluntatis,
978 2563 1072 2642 prout
1096 2555 1127 2619 in
1154 2554 1290 2621 articulo
1317 2560 1432 2622 conti-

118 2660 230 2731 netur,
257 2643 396 2715 reddens
424 2669 553 2715 causam
581 2650 744 2732 sciencie,
781 2652 852 2736 quia
885 2644 968 2714 idem
994 2651 1087 2714 testis
1115 2648 1251 2736 loquens
1278 2647 1358 2717 vidit
1383 2655 1433 2719 sic

118 2745 245 2811 seruari
271 2752 418 2832 tempore
444 2764 507 2831 quo
534 2742 591 2808 luit
617 2746 792 2811 canonicus
820 2743 963 2809 ecclesie
988 2741 1327 2833 herbipolensis.

212 2882 317 2970 Super
363 2891 458 2948 sexte
505 2882 640 2948 articulo
685 2884 904 2969 interrogatus
943 2891 975 2948 et
1014 2881 1187 2970 diligenter
1227 2887 1431 2955 examinatus

117 2976 283 3066 respondit
303 2976 385 3043 idem
405 2978 510 3059 testis,
527 2998 564 3043 se
584 2976 681 3045 nichil
698 2981 784 3043 scire
810 2976 850 3043 de
876 2980 1035 3043 contentis
1062 2980 1093 3043 in
1119 2976 1269 3045 articulo.
1320 2976 1433 3047 Credit

117 3087 221 3138 tamen
239 3075 363 3156 verius,
383 3067 466 3160 quod
487 3092 643 3160 nunquam
665 3072 747 3137 idem
768 3075 941 3160 episcopus
958 3070 1102 3137 habuerit
1120 3077 1430 3160 congregacionem.

117 3167 358 3254 dnterrogatus,
383 3170 410 3232 si
437 3169 597 3254 potuisset
624 3165 775 3233 habuisse
801 3168 1097 3254 congregacionem
1132 3166 1219 3231 illanr
1247 3171 1317 3256 ipso
1346 3179 1432 3237 teste

118 3262 270 3349 loquente
296 3265 491 3349 ignorante,
529 3256 695 3349 respondit
732 3257 814 3326 idern
848 3264 965 3344 testis,
999 3256 1083 3349 quod
1119 3262 1340 3330 verisimiliter
1366 3286 1431 3332 non

119 3358 245 3422 videtur
271 3356 332 3423 sibi
359 3355 420 3423 hoc
446 3354 529 3421 bene
556 3358 713 3445 potuisse,
740 3358 811 3443 quia
836 3358 907 3443 ipse
927 3365 977 3421 est
997 3360 1315 3445 parentetuscircum
1332 3361 1432 3443 circa,

118 3462 150 3517 et
177 3451 254 3517 iecit
279 3450 492 3519 recidenciam
520 3453 550 3517 iu
577 3453 717 3531 ciuitate,
744 3460 777 3515 et
802 3448 1210 3516 conuersaturhoruinibus
1237 3462 1269 3518 et
1293 3451 1431 3542 illisqui

119 3546 341 3612 interiuissent
368 3548 395 3611 si
422 3545 568 3612 dominus
586 3548 758 3634 episcopus
776 3543 941 3611 habuisset
956 3548 1271 3632 congregacionem:
1299 3557 1331 3613 et
1346 3548 1430 3636 qnod

118 3640 190 3706 ideo
218 3663 281 3706 non
309 3636 410 3707 credit
434 3640 519 3728 quod
545 3640 664 3706 habuit.

216 3763 320 3851 Super
357 3766 494 3852 septimo
533 3763 668 3829 articulo
705 3765 923 3849 interrogatus
961 3772 993 3828 et
1025 3764 1226 3828 examinatus
1251 3763 1432 3851 respondit,

119 3856 159 3927 de
195 3861 356 3926 contentis
391 3862 421 3925 in
460 3858 596 3925 articulo
632 3878 669 3926 ee
705 3856 801 3923 nichil
835 3858 931 3924 scire.
985 3857 1064 3924 Yme
1097 3856 1198 3923 credit
1223 3866 1373 3924 contenta
1401 3862 1431 3923 in
