3112 4696
157 515 228 585 500
712 513 920 584 llonumenta

157 705 247 774 nullo
273 703 370 773 modo
394 701 451 771 hot
473 705 537 770 nisi
562 703 707 793 primitus
733 701 820 772 dicto
844 699 942 772 dubio
975 706 1146 771 internos
1171 701 1322 771 discusso
1349 712 1385 770 et
1409 701 1482 772 dii-

158 798 266 869 huito:
293 819 356 889 qno
373 798 460 868 iacto
476 795 560 866 diota
586 801 742 888 appensio
767 797 869 887 sigilli
894 819 957 870 nec
986 801 1089 867 eciam
1114 800 1146 864 in
1171 797 1245 885 alijs
1269 798 1323 864 nbi
1347 793 1480 865 dubium

159 894 336 986 predictum
362 913 427 961 nou
454 901 546 961 esset
570 912 634 959 nou
660 888 758 961 debet
782 914 842 984 per
855 893 1011 1054 prelatos
1036 902 1105 961 tres
1131 895 1164 960 in
1188 895 1307 959 virtute
1329 892 1484 982 prelibati

155 992 330 1078 juramenti
356 987 493 1055 ulterius
518 985 651 1071 differri,
676 983 735 1056 sod
760 992 832 1056 sine
878 986 1042 1056 iilicnltale
1067 1009 1125 1078 per
1150 991 1241 1079 ipsos
1267 989 1385 1077 apponi
1406 990 1482 1056 sine

160 1087 246 1172 omnj
273 1086 386 1175 precio
412 1091 445 1150 et
469 1084 750 1152 remuneracione.

256 1196 287 1263 Α
313 1215 376 1284 qoo
402 1188 529 1284 quidem
555 1193 679 1262 solario
706 1197 817 1284 precio
843 1204 876 1262 et
900 1197 1170 1263 remuneracione
1199 1190 1303 1263 dictm
1328 1192 1481 1262 domiuus

162 1300 275 1359 noster
300 1292 473 1379 episcopua
498 1298 532 1356 et
556 1291 606 1357 sui
631 1309 847 1358 successores
873 1293 926 1379 qui
951 1288 1071 1358 luerint
1102 1310 1161 1380 pro
1186 1298 1335 1380 tempore
1359 1297 1393 1356 et
1417 1308 1481 1357 nos

163 1436 170 1452 .
204 1436 212 1451 .
245 1383 416 1474 capitulum
452 1405 490 1451 ao
526 1383 646 1472 singoli
682 1387 830 1453 canonici
867 1380 1074 1475 prebendati,
1116 1394 1150 1452 ut
1185 1393 1237 1452 est
1273 1385 1482 1475 promissum,

162 1482 293 1548 omnino
320 1481 440 1546 erimus
465 1475 616 1545 absoluti.

258 1587 409 1657 Ceterum
445 1592 473 1658 si
508 1584 584 1657 dicti
620 1591 769 1658 canonici
810 1588 949 1658 adiuncti
985 1587 1112 1660 custodi
1149 1610 1210 1680 pro
1247 1592 1482 1680 premissorum

163 1687 423 1754 conseruaciona
448 1684 501 1751 uel
526 1683 609 1752 alter
634 1706 746 1753 eornm
772 1687 928 1774 quociens
963 1705 981 1752 a
1013 1686 1143 1752 ciuitate
1176 1682 1483 1775 herbipolensi

164 1801 202 1847 so
228 1778 353 1847 vellent
378 1799 421 1846 ex
446 1799 645 1869 quacumque
670 1801 768 1848 causa
793 1778 1064 1848 absentareoltro
1087 1781 1230 1871 spacium
1254 1778 1485 1865 octodorum,

164 1884 240 1942 tunc
265 1872 397 1962 quilibet
421 1894 532 1942 eorum
559 1876 607 1942 sic
632 1873 752 1943 absens
778 1874 904 1946 clauem
938 1895 1028 1942 suam
1060 1877 1180 1964 poterit
1205 1883 1238 1942 et
1262 1871 1393 1942 debebit
1417 1873 1485 1943 alio

165 1970 325 2036 canonico
350 1967 517 2058 capitulari
544 1967 584 2034 de
609 1989 671 2058 quo
705 1968 798 2037 iidem
835 1968 981 2037 habuerit
1017 1972 1221 2037 committere
1253 1966 1427 2037 tenendam
1453 1979 1487 2038 et

166 2061 433 2143 concernendam,
461 2062 641 2152 quiquidem
667 2066 814 2132 canonici
836 2074 868 2132 et
883 2084 995 2133 eornm
1012 2062 1145 2155 quilibet
1169 2063 1294 2133 clauom
1318 2065 1486 2154 recipiens

167 2157 1047 2345 {3¹¹hil¹illl„tigillitibitibi
1067 2157 1488 2325 hilthh‘tl'ih

1325 2303 1335 2339 'l

167 2345 263 2428 ultra,
288 2344 347 2417 suh
373 2344 481 2415 debito
502 2349 676 2435 juramenti
701 2351 827 2438 prestiti
861 2348 1004 2418 ecclesie
1037 2359 1177 2436 nostre,
1215 2349 1301 2436 omnj
1340 2347 1420 2417 dolo
1453 2358 1488 2416 et

168 2440 282 2508 fraude
307 2440 521 2510 cessantibus.

264 2552 335 2621 lloc
360 2562 465 2621 aulem
492 2561 642 2623 statutum
666 2564 811 2624 nostrum
837 2557 922 2624 inter
946 2555 1009 2624 alia
1034 2566 1151 2626 statuta
1170 2552 1489 2645 perpetuaeoclesie

170 2658 283 2716 nostre
308 2647 445 2717 lecimus
470 2647 633 2717 conscribi
659 2659 692 2716 et
717 2653 857 2738 signari:
885 2661 917 2719 et
942 2672 1000 2742 per
1025 2651 1200 2742 quemlibet
1220 2648 1388 2719 custodem
1412 2659 1490 2717 ante

170 2745 397 2833 recepcionem
424 2753 457 2810 et
482 2743 711 2811 admissionem
739 2765 828 2813 suam
864 2767 907 2813 ex
933 2756 1021 2815 certa
1047 2749 1189 2817 sciencia
1213 2741 1254 2812 de
1280 2743 1490 2814 obseruando

172 2838 323 2906 volumus
349 2842 487 2928 prestari
513 2838 657 2928 speciale
679 2841 903 2927 juramentum.

266 2949 316 3018 De
354 2950 426 3037 alijs
466 2959 570 3018 autem
605 2949 730 3037 juribus
768 2951 1052 3022 consuetudinibus
1079 2961 1110 3020 et
1137 2949 1360 3038 obseruancijs
1385 2952 1492 3040 ipsius

172 3039 319 3114 custodie
344 3044 441 3112 nichil
467 3048 597 3113 omnino
623 3049 825 3114 iunouamus.

267 3157 307 3224 Et
343 3159 371 3224 si
404 3159 490 3224 circa
527 3158 744 3246 suprascripta
781 3157 886 3246 aliqua
925 3155 1083 3225 dubitaoio
1118 3159 1329 3246 imposterum
1372 3166 1495 3223 exorta

171 3250 281 3337 luerit,
306 3247 486 3321 huiusmodi
513 3250 771 3318 declaracionem
805 3250 898 3320 nobis
924 3262 956 3319 et
981 3254 1104 3321 nostris
1130 3250 1381 3320 successoribus
1407 3272 1494 3341 pre-

173 3347 319 3416 sentibus
346 3366 563 3416 reseruemus.

268 3457 307 3525 Jn
334 3478 468 3547 quorum
495 3459 634 3524 omnium
661 3465 694 3524 el
719 3458 919 3548 singulorum
946 3459 1164 3525 testimouium
1182 3465 1277 3544 atque
1293 3455 1393 3524 robur
1409 3478 1496 3546 pre-

174 3552 319 3622 sentibus
347 3552 489 3640 sigillum
514 3552 644 3642 capituli
669 3557 773 3620 nostri
808 3573 851 3620 ex
883 3563 972 3620 certa
1006 3554 1148 3620 sciencia
1181 3572 1244 3619 vna
1281 3573 1351 3620 cum
1379 3552 1497 3638 sigillo

174 3647 439 3716 reuerendissimi
467 3650 565 3736 patris
598 3657 631 3714 et
668 3644 785 3735 domiuj
820 3650 924 3716 nostri
956 3643 1074 3734 dominj
1108 3642 1320 3715 Gerhardi
1348 3648 1502 3737 episcopi

174 3741 497 3831 herbipolensis
532 3745 742 3833 suprascripti
775 3753 825 3810 est
856 3764 1042 3833 appensum.
1092 3742 1134 3809 Et
1158 3763 1220 3809 nos
1247 3739 1502 3813 Gerhardns

176 3837 227 3905 dei
249 3839 359 3924 gracia
380 3840 553 3926 episcopus
577 3837 904 3928 herbipolensis
926 3848 1040 3905 tenore
1053 3840 1256 3926 presencium
1273 3842 1501 3922 recognosci-

177 3953 267 4018 mus,
292 3931 376 4022 quod
403 3954 462 4000 nos
488 3932 621 4000 realiter
645 3944 677 4001 et
702 3932 967 4002 certitudinuliter
998 3952 1108 4001 sumus
1134 3932 1315 4016 informati,
1349 3932 1500 4000 inmuta-
