3112 4696
115 494 185 564 ets
668 495 876 565 Monumenta

116 682 197 752 hore
223 683 326 751 vellet
350 693 464 773 posset
488 687 609 752 iutrare
642 686 804 751 ciuitatem
838 693 871 752 et
895 686 1011 765 exire,
1046 686 1186 753 maxime
1217 705 1289 752 cum
1325 694 1435 752 turres

115 787 211 862 porte
237 789 270 845 et
295 778 406 847 claues
432 781 572 848 ciuitatis
599 779 821 847 custodiuntur
857 800 915 867 per
948 780 1053 868 ipsum
1081 780 1266 869 episcopum
1294 788 1327 846 et
1353 800 1435 847 suos

117 871 298 956 olhcieles3
323 867 445 940 addens
470 875 572 940 eciam
598 872 682 940 idem
709 876 816 955 testis,
841 868 925 962 quod
951 869 1033 939 idem
1060 875 1234 963 episcopus
1271 871 1434 944 libencius

118 966 294 1034 dimitteret
332 966 506 1036 ecclesiam
534 989 626 1057 quam
653 968 730 1035 talia
756 977 789 1035 et
813 977 964 1035 contenta
989 970 1020 1034 ia
1048 966 1192 1037 articulis
1217 977 1435 1057 perpetraret.

214 1118 321 1208 Super
357 1127 475 1187 octauo
513 1119 651 1188 articulo
688 1122 908 1208 interrogatus
947 1129 980 1188 et
1016 1117 1191 1209 diligenter
1227 1121 1434 1187 examinatus

115 1208 283 1304 respondit
314 1212 396 1280 idem
430 1215 544 1296 testis,
580 1223 732 1282 contente
759 1217 790 1281 in
816 1214 953 1284 articulo
978 1233 1044 1282 nou
1070 1234 1149 1282 esso
1173 1233 1264 1280 vera.
1315 1212 1433 1282 Jnter-

118 1317 254 1398 rogatus
280 1328 343 1398 quo
369 1302 466 1376 modo
492 1311 566 1392 scit,
590 1311 760 1399 respondit
784 1311 891 1392 testis,
909 1302 994 1398 quod
1010 1329 1140 1398 semper
1155 1307 1272 1375 luisset
1290 1328 1431 1396 presens

117 1404 149 1470 iu
175 1405 306 1470 ciuitate
331 1400 633 1492 herbipolensi
670 1412 703 1471 et
739 1424 809 1472 cum
846 1406 1002 1494 episeopo
1029 1401 1339 1491 herbipolensi.
1392 1402 1434 1471 Et

116 1492 217 1580 dicit,
256 1496 340 1587 quod
376 1506 529 1566 contenta
565 1500 597 1565 in
630 1497 767 1565 articulo
803 1500 866 1566 sint
898 1496 1093 1581 falsissima,
1118 1506 1151 1564 et
1175 1499 1239 1564 sint
1264 1495 1433 1564 mendacia

118 1612 248 1679 magna.
300 1586 399 1659 Addit
424 1594 525 1659 eciem
551 1591 635 1660 idem
660 1595 754 1663 testis
780 1591 938 1682 loquens,
969 1590 1054 1682 quod
1083 1611 1214 1681 semper
1238 1591 1335 1658 luerit
1360 1612 1432 1659 oum

115 1681 1432 1870 2t⁵⁵lt⁹⁰,l,2:lllttl'¹lmttlttlltdt‘llztblltlldtl

116 1873 233 1942 dietum
261 1877 449 1964 episcopum
487 1873 851 1965 herbipolensem.
911 1875 953 1944 Et
986 1870 1088 1958 vidit,
1125 1895 1325 1963 quacumque
1350 1872 1432 1942 hora

116 1970 264 2037 canonici
291 1977 324 2036 et
350 1971 441 2038 ciues
465 1967 804 2060 herbipolenses
837 1968 877 2036 ad
903 1972 1005 2059 ipsum
1031 1972 1218 2058 episcopum
1243 1966 1432 2054 veniebant,

114 2062 198 2132 idem
216 2064 389 2154 episeopus
409 2065 500 2153 ipsos
526 2067 680 2152 graciose
706 2074 739 2133 et
763 2062 918 2132 beniuole
934 2067 1059 2154 recepit
1073 2065 1222 2132 tractauit
1236 2061 1431 2131 ethonore·

116 2160 173 2241 uit,
200 2179 239 2225 eo
264 2155 422 2226 bonorem
438 2167 471 2226 et
495 2163 718 2226 reuereociam
744 2160 825 2248 ipsis
851 2156 1008 2244 exhibuit,
1033 2167 1066 2226 et
1090 2160 1181 2249 ipsos
1197 2156 1432 2246 benignissime

115 2252 319 2336 informauit,
354 2262 388 2320 et
419 2273 537 2322 causes
573 2261 607 2320 et
641 2251 727 2320 laeta
753 2255 896 2341 ipsorum
922 2256 1077 2342 graciose
1101 2251 1240 2336 audiuit,
1274 2261 1307 2319 et
1338 2254 1431 2342 ipsos

115 2357 403 2437 quantumcumque
417 2349 520 2434 potuit
544 2355 577 2413 et
601 2357 711 2437 potest
737 2346 896 2416 defendit:
923 2346 1066 2416 ethodie
1084 2345 1243 2418 accedant
1259 2342 1433 2436 adipsum,

115 2451 149 2509 et
172 2445 276 2532 ipsum
303 2451 456 2509 secuntur
481 2439 603 2530 absque
627 2441 735 2531 aliquo
762 2437 1001 2531 impedimento.
1027 2440 1206 2512 Nesidem
1232 2443 1326 2510 testis
1351 2441 1433 2509 vidit

114 2536 253 2626 aliquem
268 2531 438 2619 recedere,
464 2558 525 2606 nec
551 2547 762 2606 recesserunt
788 2533 872 2626 qaod
904 2540 975 2626 ipse
1001 2539 1092 2606 sciat.
1130 2535 1200 2605 Nec
1225 2534 1309 2603 idem
1335 2539 1431 2604 testis

115 2628 199 2698 vidit
229 2627 346 2699 dictum
384 2633 571 2721 episcopam
608 2630 749 2700 clericos
786 2631 840 2698 uel
876 2630 980 2699 laioos
1019 2630 1209 2714 ollendere,
1242 2651 1304 2698 neo
1336 2632 1430 2720 ipsos

117 2725 267 2793 offendit:
293 2747 371 2815 paro
397 2746 456 2813 pro
482 2746 582 2815 posse
608 2747 669 2794 suo
694 2729 786 2815 ipsos
812 2736 988 2794 conseruat
1012 2736 1045 2794 et
1070 2725 1219 2793 honorat.

211 2876 295 2944 lteru
335 2878 557 2965 interrogatus
594 2899 692 2966 supcr
716 2875 939 2965 generalibus,
978 2880 1005 2945 si
1032 2897 1131 2967 prece
1168 2878 1281 2966 precio
1317 2897 1431 2945 amore

115 2973 232 3039 timore
259 2970 448 3055 dilectione,
470 2970 639 3062 respondit
663 2967 748 3061 quod
773 2992 848 3038 non.

760 3264 793 3330 d.

209 3424 330 3493 Eadem
367 3424 419 3491 die
457 3424 532 3492 loco
571 3434 603 3490 et
641 3424 720 3491 bora
772 3424 921 3491 dominus
954 3423 1178 3492 Gotlridus
1211 3425 1431 3515 Lamprebt

115 3519 207 3586 miles
235 3518 560 3609 herbipolensis
585 3517 739 3602 diocesis,
766 3522 861 3586 etatis
880 3518 1107 3586 exeniorum
1127 3529 1160 3587 et
1185 3520 1280 3601 vltra,
1303 3523 1429 3608 iuratus

115 3616 230 3681 oilalus
255 3624 287 3679 et
312 3610 486 3702 diligenter
512 3616 713 3682 examinatus
749 3635 846 3700 super
880 3617 983 3703 primo
1019 3623 1051 3680 et
1089 3614 1234 3682 secundo
1272 3615 1430 3697 articulis,

118 3710 280 3798 expositis
307 3708 366 3776 sibi
394 3708 487 3777 dictis
514 3708 657 3775 articulis
683 3711 714 3774 in
735 3709 852 3795 wlgari
891 3708 1057 3797 respondit
1080 3707 1165 3776 idern
1197 3711 1312 3793 testis,
1343 3709 1428 3799 quod

114 3802 197 3869 idem
225 3801 469 3870 Gerbardus
505 3805 679 3891 episeopus
717 3802 831 3870 dictem
869 3802 1043 3872 ecclesiam
1077 3802 1427 3894 herbipolensem

115 3894 319 3964 laudabiliter
352 3900 477 3964 rexerit
513 3906 546 3963 et
581 3895 813 3984 guberuanerit
848 3907 911 3964 tam
948 3900 979 3965 iu
1017 3896 1236 3988 spiritualibus
1269 3919 1362 3988 quem
1397 3902 1428 3966 in
