3084 5114
509 849 719 935 episcopatus
744 843 1026 933 wirziburgensis.
1363 848 1431 912 217

114 1058 193 1104 casu
228 1056 311 1104 vero
336 1034 391 1104 vbi
419 1033 575 1125 plebanus
601 1045 634 1102 et
659 1038 741 1121 socij
768 1037 817 1101 sui
843 1032 1026 1119 negiientes
1052 1032 1169 1100 fuerint
1195 1036 1226 1099 in
1251 1038 1433 1123 premissis,

113 1136 257 1222 scriptor
280 1127 393 1200 decern
420 1127 546 1198 solidos
573 1129 777 1197 denariorum
805 1131 1003 1218 prescriptos
1027 1130 1114 1214 juter
1143 1126 1288 1215 jnbrmos
1314 1129 1431 1219 bospi-

113 1227 188 1295 telis
224 1228 327 1296 sancti
364 1223 630 1294 Theoderici
668 1246 726 1315 pro
767 1224 821 1290 itta
858 1228 931 1290 vice
969 1222 1162 1290 distribuere
1197 1219 1334 1291 debebit.
1392 1225 1433 1293 Et

114 1332 254 1413 quatuor
289 1319 366 1411 pulli
398 1318 661 1409 carnispriuiaies
708 1315 828 1388 cedere
861 1316 978 1385 debent
1013 1313 1116 1384 eidem
1151 1322 1301 1409 scriptori
1336 1319 1431 1407 odicij

113 1427 209 1508 porte
234 1437 294 1507 pro
320 1425 468 1505 tempore
493 1417 646 1483 existenti
674 1436 731 1504 pro
757 1412 872 1481 labore
897 1434 968 1479 suo.

209 1550 294 1619 Jtem
319 1549 399 1638 iege
425 1545 464 1617 ad
490 1548 728 1616 subcustodiam
755 1544 899 1615 redditus
925 1557 1100 1636 perpetuos
1127 1548 1257 1616 duarum
1280 1549 1430 1616 librarum

112 1646 319 1728 bobiensium,
337 1644 424 1725 ,duos
450 1643 557 1734 pullos
584 1643 869 1734 carnispriuinies,
895 1653 927 1710 et
955 1646 1048 1709 vuius
1075 1647 1199 1711 ventris
1225 1648 1352 1733 agnini,
1379 1649 1430 1734 qui

114 1742 287 1810 eoiuuntur
312 1740 353 1807 de
378 1738 470 1807 bonis
497 1741 529 1805 in
545 1739 761 1828 Marpacb,
798 1760 859 1827 que
886 1738 964 1807 colit
989 1747 1022 1803 et
1047 1739 1193 1826 possidet
1215 1739 1430 1828 blarquar-

113 1832 189 1904 dos
209 1834 439 1904 Guitelose
465 1832 592 1900 ibidem.
643 1834 726 1901 Jtem
754 1833 832 1921 iege
858 1830 895 1899 ad
922 1827 1057 1898 eandem
1085 1832 1323 1901 subcustodiam
1349 1830 1430 1900 red-

112 1927 199 2000 ditus
230 1941 406 2020 perpetuos
440 1932 533 1997 vnius
566 1928 648 1996 iibre
683 1928 874 1997 ballensium
908 1949 965 2018 per
997 1927 1101 1994 dictos
1133 1924 1431 1997 fidecommissarios

113 2019 352 2115 conparandos.
409 2027 459 2092 De
493 2021 606 2113 quibus
640 2022 771 2112 quilibet
804 2022 977 2091 subcustos
1012 2044 1069 2112 pro
1103 2033 1249 2112 tempore
1283 2028 1431 2093 existens

114 2125 202 2208 omni
229 2118 281 2186 die
308 2118 426 2188 offerre
452 2118 548 2186 debet
569 2141 663 2186 vitum
682 2119 844 2185 denarium
860 2117 1121 2207 herbipolensem
1141 2121 1172 2185 in
1192 2140 1316 2188 summa
1332 2123 1432 2188 missa

113 2237 173 2307 pro
199 2213 347 2282 remedio
373 2217 478 2281 anime
504 2235 588 2297 mcc,
614 2212 673 2280 sibi
701 2234 782 2279 vero
807 2208 901 2279 debet
918 2214 1061 2278 retinere
1079 2213 1160 2283 duos
1177 2214 1284 2303 pullos
1299 2219 1431 2283 carnis-

113 2309 271 2402 priuiaIes
297 2319 329 2376 et
354 2319 502 2377 ventrem
530 2312 679 2396 agninum
707 2330 765 2397 pro
792 2307 905 2374 labore
930 2328 1001 2374 suo.

208 2444 293 2512 item
328 2443 404 2530 tego
436 2444 641 2513 Heinrioo
677 2454 709 2511 et
745 2443 948 2523 iohanni,
985 2445 1068 2508 natis
1107 2442 1216 2511 iratris
1255 2447 1337 2529 mei,
1369 2465 1432 2512 sex

108 2543 229 2628 jugera
254 2541 434 2621 vinearum,
462 2534 613 2605 videlicet
639 2535 702 2605 duo
724 2541 841 2626 jugera
868 2541 928 2604 sita
954 2559 1004 2603 am
1032 2537 1328 2627 bluncbberge,
1348 2542 1428 2627 jtem

112 2634 177 2702 duo
201 2637 319 2723 jugera
346 2637 406 2701 sita
432 2656 482 2699 am
508 2631 854 2719 Lercbenberge,
881 2642 913 2699 et
938 2628 1000 2698 duo
1023 2635 1140 2720 jugera
1166 2635 1226 2700 sita
1252 2633 1429 2701 inNoni-

112 2740 253 2797 monte
278 2731 514 2811 anteriori,
547 2749 586 2796 ac
619 2732 725 2795 omnia
758 2729 819 2795 aiia
845 2727 930 2794 bona
957 2749 1026 2793 mee
1055 2726 1184 2794 mobilia
1209 2738 1241 2794 et
1265 2729 1429 2797 inmobilia

111 2845 172 2915 per
197 2844 249 2890 me
274 2826 424 2913 superius
451 2844 612 2912 expresse
637 2844 702 2890 non
729 2823 848 2911 legata.

207 2958 277 3027 Hec
302 2960 400 3047 igitur
425 2961 531 3026 omnia
558 2968 590 3025 et
619 2957 747 3046 singula
780 2957 860 3024 volo
894 2967 926 3024 et
957 2955 1115 3025 confiteor
1148 2979 1250 3024 meam
1286 2959 1429 3028 vitimam

110 3054 185 3121 iere
209 3053 420 3121 volontatem.
472 3053 542 3135 Que
568 3056 595 3119 si
622 3074 686 3120 non
712 3052 844 3120 valeant
863 3055 938 3140 jure
971 3056 1173 3137 testamenti,
1209 3053 1289 3126 volo
1322 3067 1429 3124 tamen

111 3170 151 3217 ea
176 3148 293 3217 valere
313 3151 388 3234 jure
414 3146 585 3214 cuiuslibet
611 3147 724 3215 vitime
750 3148 937 3217 voluntatis.

205 3284 346 3374 Jusuper
372 3304 437 3371 ego
464 3283 697 3350 Heinricus
724 3293 861 3350 testator
886 3285 1065 3354 antedictus
1092 3306 1229 3354 reseruo
1260 3286 1353 3355 micbi
1379 3291 1429 3356 ius

110 3389 144 3447 et
168 3388 362 3469 potestatem
399 3377 539 3444 mutandi
576 3378 751 3445 reuocandi
790 3383 896 3446 omnia
934 3385 1091 3469 premissa
1129 3384 1158 3447 in
1197 3391 1267 3450 toto
1307 3383 1359 3449 uei
1397 3386 1429 3451 iu

110 3483 202 3564 parte
226 3472 491 3563 quandocumque
517 3482 549 3540 et
574 3476 867 3563 quocienscumque
894 3474 987 3544 michi
1014 3479 1117 3543 visum
1143 3476 1240 3544 fuerit
1262 3477 1428 3567 expedire.

205 3624 247 3692 in
285 3627 520 3714 premissorum
561 3629 701 3691 omnium
740 3635 773 3690 et
805 3626 1006 3714 singulorum
1040 3627 1175 3695 euidens
1210 3632 1428 3696 testimonium

110 3730 284 3811 presentes
318 3741 376 3808 per
410 3718 641 3787 Jobannem
677 3723 834 3786 notarium
869 3721 1026 3810 publicum
1061 3722 1297 3813 infrascriptum
1331 3725 1428 3792 scribi

109 3825 143 3882 et
166 3817 199 3882 in
224 3814 361 3882 formam
388 3813 545 3905 publicam
572 3810 677 3902 redigi
704 3811 868 3900 mandeui,
901 3826 932 3884 et
958 3820 1054 3905 signo
1081 3839 1141 3884 sno
1167 3819 1267 3887 solito
1294 3822 1428 3908 signari.

204 3964 289 4033 Acta
328 3976 403 4035 sunt
437 3966 499 4033 bec
535 3968 566 4032 in
605 3970 736 4034 ciuitate
771 3967 1095 4059 herbipolensi,
1139 3974 1174 4058 jn
1215 3975 1304 4042 curia
1344 3969 1428 4042 dicta

109 4059 349 4150 Jugelstat,
385 4064 416 4128 in
450 4057 547 4128 domo
582 4061 828 4131 inhabitacionis
863 4064 976 4154 prefati
1009 4060 1128 4132 domini
1162 4067 1354 4135 Heinrici
1389 4068 1429 4136 de

109 4156 335 4247 Eysteten,
361 4155 420 4223 sub
446 4177 530 4223 auno
556 4151 675 4223 domini
711 4158 883 4226 millesimo
917 4164 1149 4228 trecentesimo
1184 4168 1428 4251 septuagesimo

110 4262 248 4334 octauo,
279 4250 458 4338 jndictione
491 4249 743 4340 quintadecima,
781 4253 982 4344 pontificatus
1019 4258 1215 4324 sanctissimi
1240 4260 1271 4325 in
1298 4257 1427 4329 Cbristo

136 4365 185 4401 um.
199 4364 250 4402 mre
264 4365 306 4400 vo.
316 4362 378 4402 nuru.
392 4373 434 4401 nov.
451 4365 497 4401 ωιι.
508 4364 552 4404 uui.
1185 4352 1231 4419 28
