3112 4696
113 456 180 523 332
669 453 875 518 bionumente

115 641 327 711 irreuocoiiii
351 642 472 709 corium
499 660 602 707 rocem
628 637 743 706 dictem
769 638 967 727 vunger,
991 641 1084 704 sitem
1110 641 1141 705 iu
1167 641 1299 706 ciuitate
1324 636 1429 706 ber-

114 736 370 827 bipolensi,
396 737 446 800 cui
472 731 511 801 eb
535 754 600 801 vua
626 744 717 823 perte
742 728 929 802 curiodicte
956 755 1005 799 cu
1032 731 1429 800 domblormeistein

114 840 149 900 et
188 830 228 898 eb
262 829 324 897 ulie
360 838 451 919 porte
483 831 571 897 curio
604 823 724 896 domini
749 823 978 896 Ebirberdi
1017 823 1093 894 dicti
1122 827 1148 894 F
1157 826 1230 893 nsb
1255 825 1431 911 confinem,

117 923 358 993 venerabilibus
385 926 465 990 viris
499 932 532 989 et
557 922 695 991 dominis
728 921 852 990 deceno
886 932 919 989 et
941 921 1081 1010 capitulo
1107 921 1252 990 ecclesie
1271 921 1431 989 berbiu

116 1020 321 1110 polensis
348 1018 492 1107 predicte
521 1020 686 1106 perpetuis
712 1014 911 1105 temporibus
936 1015 1112 1083 babendum
1138 1026 1172 1082 et
1195 1015 1367 1084 tenendum
1393 1017 1432 1083 od

116 1134 214 1182 veum
242 1115 483 1202 presenciarum
512 1109 571 1179 sub
597 1111 700 1178 modis
726 1120 758 1177 et
784 1113 896 1178 formis
911 1110 1142 1200 infrascriptis:
1169 1107 1433 1200 videlicetquod‚

118 1211 275 1299 quociens
302 1207 415 1274 dietum
458 1208 577 1272 corioro
604 1227 647 1274 ex
673 1215 777 1273 morte
802 1226 874 1272 mee
899 1204 952 1272 oei
978 1205 1111 1272 ulterius
1136 1207 1189 1294 qui
1216 1227 1267 1272 me
1292 1208 1323 1272 in
1350 1227 1433 1295 pos·

119 1298 274 1371 sessione
309 1297 394 1368 dicte
434 1302 524 1367 curie
564 1299 740 1368 succedunt
778 1299 832 1367 uel
863 1298 944 1366 elios
976 1299 1278 1388 quomodocumque
1312 1320 1434 1367 vocare

122 1397 317 1482 contigerit,
357 1404 477 1462 extunc
516 1397 628 1462 senior
652 1394 706 1461 ·dc
744 1393 1000 1483 capitulodiote
1030 1393 1174 1460 ecclesie
1206 1414 1271 1460 uon
1310 1392 1434 1461 babens

123 1493 243 1558 curium
270 1489 351 1556 inire
376 1491 520 1578 specium
547 1491 641 1555 vnios
668 1492 790 1556 mensis
814 1487 928 1554 dictem
954 1491 1073 1554 cirrium
1100 1491 1248 1577 recipiet
1273 1497 1307 1553 et
1325 1488 1435 1556 soioet

120 1606 178 1674 pro
213 1606 252 1651 ce
285 1593 359 1650 erute
394 1603 484 1650 snum
520 1585 681 1649 introitum
715 1595 841 1650 rentum
875 1582 1019 1649 ilorcnos
1052 1585 1132 1649 euri.
1182 1582 1273 1664 Quos
1300 1585 1327 1648 si
1353 1583 1435 1650 inire

122 1679 256 1746 ‹iuornm
285 1680 440 1744 mensium
468 1681 609 1765 specium
636 1699 699 1743 mm
727 1677 863 1744 soluerit
888 1686 941 1743 not
965 1677 1098 1743 soluere
1123 1677 1283 1758 noinerit,
1316 1687 1437 1744 extunc

122 1772 204 1840 eiius
232 1774 284 1860 qui
310 1781 361 1837 est
386 1773 498 1837 senior
523 1781 692 1859 postcom
721 1774 750 1838 in
778 1771 916 1860 copituiu
932 1769 1016 1839 dicte
1031 1772 1173 1839 ecclesie
1190 1770 1435 1860 poteritdictom

123 1870 242 1936 cirrium
281 1867 329 1933 sic
362 1867 529 1954 recipere.¹
562 1875 594 1930 et
620 1865 752 1933 soluere
785 1865 888 1931 dictos
914 1863 1059 1932 ilorenos
1085 1876 1120 1932 vt
1145 1867 1346 1955 premittitur.
1396 1865 1438 1934 u'r

123 1963 171 2029 sie
196 1955 351 2048 deinceps
377 1955 615 2026 descendendo.

217 2081 280 2149 Pro
307 2079 421 2169 quibos
447 2076 572 2169 quidem
600 2081 733 2149 iiorenis
759 2093 905 2149 eruantur
932 2079 1072 2147 redditus
1095 2082 1132 2147 mi
1148 2085 1336 2169 presenciae
1352 2082 1438 2150 dicte

122 2177 266 2244 ecclesie
293 2179 504 2241 ornrnnnuiter
536 2187 568 2241 ct
594 2177 751 2264 equaliter
779 2180 862 2243 inter
888 2179 1064 2245 cnnrmicus
1096 2189 1128 2242 et
1154 2179 1295 2243 vicarios
1321 2173 1438 2245 distri-

122 2266 251 2349 buendi,
277 2273 318 2335 itu
340 2269 423 2356 qurud
447 2291 577 2359 semper
592 2271 715 2337 docimo
733 2293 807 2361 pers
824 2268 980 2340 dictorum
997 2267 1173 2337 reddituum
1196 2275 1244 2337 sic
1258 2283 1438 2361 emptorum

123 2364 305 2435 senioribus
334 2362 423 2430 chori
450 2364 551 2433 cedet.

222 2486 375 2554 Pretcreo
411 2488 437 2551 si
475 2489 660 2573 contingen
692 2482 777 2575 quorl
812 2485 913 2571 obsim
946 2486 1030 2575 quod
1062 2483 1145 2552 ‹iicte
1172 2491 1259 2554 curin
1287 2488 1438 2555 incendio

127 2581 177 2647 etei
206 2581 286 2647 niins
322 2576 575 2647 deterioraretur
601 2581 684 2669 qnod
713 2578 826 2647 iiic-tem
852 2581 1048 2649 florenorum
1072 2604 1225 2648 snmnnnn
1244 2604 1307 2649 non
1323 2594 1438 2671 posset

126 2676 258 2742 soinere
286 2673 337 2740 uei
364 2674 495 2756 vetere„
531 2686 604 2741 tunc
630 2676 770 2742 decenus
807 2685 838 2742 et
864 2680 1011 2744 cononici
1039 2687 1070 2742 et
1098 2679 1208 2762 vieorij
1238 2678 1275 2742 nd
1300 2678 1450 2744 ordino--

128 2773 254 2835 cionem
283 2771 524 2858 presenciarum
557 2769 696 2857 deputati
730 2770 843 2836 dictem
878 2775 997 2838 curium
1031 2793 1089 2860 pro
1123 2792 1185 2837 vno
1219 2793 1341 2837 summe
1376 2795 1439 2860 que

126 2867 173 2931 eis
201 2862 358 2953 expedire
393 2859 551 2929 videbitur
578 2861 721 2931 vendere
749 2875 882 2954 possunt
915 2870 969 2932 vni
994 2864 1034 2932 de
1069 2869 1257 2948 canonicis,
1291 2876 1323 2932 ut
1355 2888 1435 2955 pre-

129 2961 272 3040 mittitur,
298 2957 336 3022 nri
363 2967 507 3046 temporo
533 2962 599 3024 vite
626 2981 684 3026 sue
711 2957 950 3049 possidendam,
976 2971 1007 3026 et
1032 2981 1098 3028 nou
1124 2960 1214 3026 aiios.

220 3069 360 3156 insuper
387 3089 477 3133 veum
506 3079 537 3134 et
563 3068 797 3137 habitacionem
824 3068 908 3137 dicte
935 3074 1023 3137 curie
1050 3069 1246 3159 temporibus
1273 3074 1340 3137 vite
1367 3092 1440 3139 mee

129 3163 222 3230 miciri
251 3183 398 3242 reserum,
439 3173 470 3228 et
496 3160 580 3250 qnod
607 3175 678 3251 post
705 3175 839 3231 mortem
867 3187 969 3231 meam
997 3168 1118 3254 possim
1145 3186 1240 3231 vnum
1267 3162 1307 3231 tie
1333 3187 1440 3231 cuno-

127 3261 207 3323 nicis
235 3256 319 3323 dicte
346 3257 490 3323 ecclesie
518 3263 684 3324 nominare
710 3280 802 3348 quom
830 3259 981 3341 voluero,
1007 3271 1038 3326 et
1065 3259 1169 3326 eidem
1196 3261 1308 3326 nietam
1336 3282 1439 3326 meum

128 3354 246 3416 rnrinm
275 3350 334 3416 sub
360 3352 461 3416 i'ormn
489 3362 522 3417 ot
547 3348 642 3418 motio
670 3357 856 3442 prescriptis
873 3357 1055 3440 assignare,
1081 3358 1123 3420 ite
1146 3350 1232 3442 qnod
1248 3356 1318 3442 ipse
1334 3355 1441 3421 solunt

129 3445 271 3511 iiorenos
299 3445 461 3532 predictos
487 3455 519 3510 ut
546 3450 752 3534 premittitur:
787 3448 867 3514 elios
899 3444 981 3514 idem
1016 3452 1196 3515 nominatus
1230 3451 1385 3514 ommittet
1409 3460 1443 3516 et

130 3539 242 3628 perdet
277 3542 418 3624 gencium
453 3548 484 3605 et
518 3545 773 3609 nominocionem
799 3539 980 3611 huiusmodi
1007 3544 1064 3609 sibi
1093 3553 1125 3610 et
1151 3538 1190 3609 rie
1216 3547 1287 3631 ipso
1314 3544 1439 3610 sectum.

222 3662 260 3728 Jn
289 3682 423 3749 quorum
450 3666 588 3728 omnium
616 3665 832 3730 testimonium
858 3675 952 3753 etque
977 3664 1076 3733 robur
1092 3674 1262 3752 presentes
1281 3664 1441 3732 conscribi

128 3756 202 3833 ieci,
229 3766 261 3821 et
289 3776 345 3841 per
372 3759 529 3821 noterium
555 3755 712 3844 pubiicum
738 3757 971 3847 inirescriptum
988 3759 1114 3825 inbono
1131 3759 1287 3847 pubiicum
1305 3759 1440 3826 sormam

132 3845 248 3937 redigi,
276 3848 440 3936 sigillique
467 3853 528 3916 mei
556 3854 754 3938 appensione
781 3857 904 3919 muniri.
